36000.02,1,10000001,100,93700,1
36000.02,4,10000002,100,93500,1
36000.04,1,10000003,3000,93200,1
36000.05,1,10000004,2800,94100,1
36000.05,4,10000005,1100,93500,1
36000.05,4,10000006,1700,93700,1
36000.06,1,10000007,3000,93600,-1
36000.08,2,10000008,700,93300,1
36000.23,2,10000009,8900,93200,1
36000.24,1,10000010,200,93800,-1
36000.25,1,10000011,500,92600,1
36000.27,1,10000012,800,97200,-1
36000.29,1,10000013,5300,93800,-1
36000.31,1,10000014,600,93600,-1
36000.42,1,10000015,500,91400,1
36000.42,1,10000016,1000,93300,1
36000.43,1,10000017,1700,93700,1
36000.43,4,10000018,1700,93600,1
36000.43,1,10000019,400,93800,1
36000.43,4,10000020,400,93600,1
36000.43,1,10000021,1700,93700,-1
36000.47,1,10000022,800,93700,-1
36000.47,1,10000023,38000,93700,-1
36000.47,1,10000024,70000,93700,-1
36000.5,3,10000025,15800,94000,-1
36000.52,1,10000026,600,93700,-1
36000.52,1,10000027,300,94600,1
36000.52,4,10000028,300,93600,1
36000.55,1,10000029,4300,94100,1
36000.55,4,10000030,1200,93600,1
36000.55,4,10000031,3100,93700,1
36000.56,3,10000032,3700,92500,1
36000.57,1,10000033,200,94400,-1
36000.6,1,10000034,100,93600,1
36000.64,1,10000035,1000,93900,-1
36000.67,3,10000036,400,93700,-1
36000.73,3,10000037,1400,93700,-1
36000.73,1,10000038,500,101400,-1
36000.76,1,10000039,2000,91400,1
36000.8,1,10000040,1000,93500,-1
36000.8,4,10000041,100,93600,-1
36000.83,1,10000042,5000,93300,-1
36000.83,4,10000043,200,93400,-1
36000.83,4,10000044,1000,93300,-1
36000.84,1,10000045,4800,93700,1
36000.84,4,10000046,3800,93300,1
36000.84,4,10000047,900,93500,1
36000.84,4,10000048,100,93700,1
36000.91,1,10000049,2000,93500,1
36000.92,1,10000050,300,90400,1
36000.96,1,10000051,1500,93800,-1
36000.96,1,10000052,1400,95500,-1
36000.96,1,10000053,9000,93400,-1
36000.96,4,10000054,2000,93500,-1
36000.97,1,10000055,1100,93100,-1
36000.97,4,10000056,1000,93100,-1
36000.97,1,10000057,1700,93000,-1
36000.97,4,10000058,1700,93000,-1
36000.97,1,10000059,200,92800,1
36000.97,1,10000060,500,92800,1
36000.97,1,10000061,500,92800,1
36000.97,1,10000062,300,92800,1
36000.97,1,10000063,3100,92800,1
36000.97,1,10000064,1300,92800,1
36000.97,1,10000065,14100,92800,1
36000.98,1,10000066,6600,92800,1
36000.98,1,10000067,6600,92800,1
36000.99,1,10000068,600,92600,1
36001.0,1,10000069,10000,93000,1
36001.01,1,10000070,1100,94900,-1
36001.04,1,10000071,5700,94800,-1
36001.04,1,10000072,7800,92200,-1
36001.04,4,10000073,7800,93000,-1
36001.14,1,10000074,7400,93000,-1
36001.14,4,10000075,7400,93000,-1
36001.14,1,10000076,7500,93200,-1
36001.15,1,10000077,500,94200,-1
36001.15,1,10000078,8800,92800,1
36001.15,1,10000079,10100,92800,1
36001.16,1,10000080,100,92800,1
36001.16,1,10000081,900,92800,1
36001.17,1,10000082,5000,92800,-1
36001.17,4,10000083,5000,93000,-1
36001.17,1,10000084,200,92800,1
36001.2,1,10000085,600,92800,1
36001.22,2,10000086,100,93100,-1
36001.24,1,10000087,1000,88800,1
36001.38,1,10000088,1500,92100,1
36001.39,1,10000089,15200,92600,1
36001.39,1,10000090,300,102200,-1
36001.39,1,10000091,600,92700,-1
36001.39,4,10000092,600,93000,-1
36001.39,3,10000093,3700,93900,-1
36001.39,1,10000094,23100,93200,-1
36001.39,1,10000095,19800,92700,-1
36001.39,4,10000096,19800,93000,-1
36001.39,1,10000097,7000,92800,-1
36001.39,4,10000098,7000,93000,-1
36001.39,1,10000099,700,95700,-1
36001.41,1,10000100,1100,92800,-1
36001.41,4,10000101,1100,93000,-1
36001.45,1,10000102,6000,92800,1
36001.53,1,10000103,200,93600,-1
36001.53,1,10000104,2000,100300,-1
36001.62,3,10000105,13900,92600,1
36001.62,1,10000106,5800,92700,-1
36001.62,4,10000107,5800,93000,-1
36001.62,1,10000108,4000,92800,-1
36001.62,4,10000109,4000,93000,-1
36001.65,3,10000110,100,93200,-1
36001.65,1,10000111,100,94200,1
36001.65,4,10000112,100,93200,1
36001.66,1,10000113,2000,94200,-1
36001.73,1,10000114,10000,92800,1
36001.74,1,10000115,1000,93600,1
36001.74,4,10000116,1000,93200,1
36001.74,1,10000117,4300,92700,-1
36001.74,4,10000118,4300,93000,-1
36001.82,1,10000119,200,94200,1
36001.82,4,10000120,200,93200,1
36001.82,1,10000121,2500,93000,1
36001.85,1,10000122,100,93600,1
36001.85,4,10000123,100,93200,1
36001.85,1,10000124,2200,93700,1
36001.85,4,10000125,2200,93200,1
36001.89,1,10000126,1000,93400,1
36001.89,4,10000127,1000,93200,1
36001.89,1,10000128,100,92800,-1
36001.89,4,10000129,100,93000,-1
36001.89,1,10000130,3000,93000,1
36001.9,1,10000131,2000,92800,1
36001.92,1,10000132,20000,94800,1
36001.92,4,10000133,20000,93200,1
36001.96,1,10000134,3200,93300,1
36001.96,4,10000135,3200,93200,1
36001.96,1,10000136,900,92800,-1
36001.96,4,10000137,900,93000,-1
36001.96,1,10000138,64800,93400,-1
36001.96,1,10000139,1000,92800,-1
36001.96,4,10000140,1000,93000,-1
36002.02,1,10000141,1600,93200,1
36002.02,4,10000142,1600,93200,1
36002.09,1,10000143,18700,92000,1
36002.09,1,10000144,200,93900,1
36002.09,4,10000145,200,93200,1
36002.09,1,10000146,500,93400,1
36002.09,4,10000147,500,93200,1
36002.11,3,10000148,100,92100,1
36002.11,1,10000149,200,92200,1
36002.13,1,10000150,300,92900,-1
36002.13,4,10000151,300,93000,-1
36002.15,1,10000152,400,93400,-1
36002.15,1,10000153,1200,92900,-1
36002.15,4,10000154,1200,93000,-1
36002.18,1,10000155,130900,95600,-1
36002.18,1,10000156,1400,93200,-1
36002.24,1,10000157,300,88200,1
36002.24,1,10000158,50000,93200,1
36002.24,4,10000159,1800,93200,1
36002.26,1,10000160,1600,94100,1
36002.26,4,10000161,1600,93400,1
36002.28,1,10000162,24600,93400,-1
36002.28,3,10000163,800,93400,-1
36002.28,1,10000164,1400,93200,1
36002.28,1,10000165,700,100000,-1
36002.31,1,10000166,1500,93600,1
36002.31,4,10000167,1500,93400,1
36002.33,1,10000168,1800,93400,-1
36002.37,1,10000169,200,93200,1
36002.38,1,10000170,10000,93000,-1
36002.38,4,10000171,10000,93200,-1
36002.38,1,10000172,3600,94100,1
36002.38,4,10000173,3600,93400,1
36002.38,1,10000174,100,93800,1
36002.38,4,10000175,100,93400,1
36002.38,1,10000176,900,93400,1
36002.38,4,10000177,900,93400,1
36002.38,1,10000178,3100,94400,-1
36002.63,3,10000179,2800,93700,-1
36002.65,1,10000180,5000,97400,-1
36002.65,1,10000181,800,93400,1
36002.65,4,10000182,800,93400,1
36002.7,1,10000183,1900,93000,1
36002.71,1,10000184,100,93400,-1
36002.74,3,10000185,1200,92800,1
36002.75,1,10000186,1300,93200,-1
36002.75,4,10000187,1300,93200,-1
36002.75,1,10000188,2300,93600,1
36002.75,4,10000189,2300,93400,1
36002.76,3,10000190,500,93400,-1
36002.77,1,10000191,500,93100,1
36002.77,1,10000192,300,94500,1
36002.77,4,10000193,300,93400,1
36002.8,1,10000194,1000,93500,1
36002.8,4,10000195,1000,93400,1
36002.8,1,10000196,700,93700,-1
36002.8,3,10000197,18900,92800,1
36002.8,1,10000198,17500,92800,-1
36002.8,4,10000199,17500,93200,-1
36002.8,1,10000200,4000,92900,-1
36002.8,4,10000201,4000,93200,-1
36002.84,1,10000202,1200,95300,-1
36002.84,1,10000203,15000,93000,-1
36002.84,4,10000204,15000,93200,-1
36002.84,3,10000205,900,93400,-1
36002.84,1,10000206,1000,93900,1
36002.84,4,10000207,1000,93400,1
36002.84,1,10000208,500,93800,1
36002.84,4,10000209,500,93400,1
36002.84,1,10000210,100,92500,-1
36002.84,4,10000211,100,93200,-1
36002.84,1,10000212,500,93900,-1
36002.85,1,10000213,6000,93000,1
36002.85,1,10000214,200,92900,1
36002.85,1,10000215,200,92600,1
36002.85,1,10000216,2400,93200,-1
36002.85,4,10000217,1900,93200,-1
36002.85,1,10000218,1000,93100,-1
36002.85,4,10000219,500,93100,-1
36002.86,1,10000220,10000,92800,-1
36002.86,4,10000221,10000,93000,-1
36002.92,1,10000222,508600,92800,-1
36002.92,4,10000223,66000,93000,-1
36002.92,4,10000224,200,92900,-1
36002.92,4,10000225,129800,92900,-1
36002.92,4,10000226,225600,92800,-1
36002.93,1,10000227,300,92500,-1
36002.93,4,10000228,300,92700,-1
36002.93,1,10000229,11000,92600,-1
36002.93,4,10000230,11000,92700,-1
36002.93,1,10000231,2300,92600,-1
36002.93,4,10000232,2300,92700,-1
36002.94,1,10000233,3900,92800,1
36002.94,4,10000234,3900,92800,1
36002.95,1,10000235,2000,92800,-1
36002.95,1,10000236,1600,92800,1
36002.95,4,10000237,1600,92800,1
36002.95,1,10000238,2900,92400,-1
36002.95,4,10000239,2900,92700,-1
36002.95,1,10000240,2000,100800,-1
36002.96,1,10000241,200,92500,1
36002.96,1,10000242,1500,93100,1
36002.96,4,10000243,1500,92800,1
36002.98,1,10000244,1800,93300,-1
36002.98,1,10000245,2400,91800,1
36003.19,1,10000246,6200,90800,-1
36003.19,4,10000247,6200,92700,-1
36003.19,1,10000248,300,92400,-1
36003.19,4,10000249,300,92700,-1
36003.19,1,10000250,600,92100,-1
36003.19,4,10000251,600,92700,-1
36003.19,1,10000252,600,92400,-1
36003.19,4,10000253,600,92700,-1
36003.74,1,10000254,10000,93700,-1
36003.76,1,10000255,10500,92200,-1
36003.76,4,10000256,10500,92700,-1
36003.79,3,10000257,8100,94200,-1
36003.8,1,10000258,900,93200,1
36003.8,4,10000259,900,92800,1
36003.81,1,10000260,100,95200,1
36003.81,4,10000261,100,92800,1
36003.81,1,10000262,2200,93600,1
36003.81,4,10000263,2200,92800,1
36003.85,1,10000264,5000,92400,-1
36003.85,4,10000265,5000,92700,-1
36003.85,1,10000266,12000,92300,-1
36003.85,4,10000267,12000,92700,-1
36003.85,1,10000268,4900,91000,1
36003.85,1,10000269,23700,95000,-1
36003.85,1,10000270,200,92500,-1
36003.85,4,10000271,200,92700,-1
36003.93,1,10000272,900,92500,-1
36003.93,4,10000273,900,92700,-1
36003.93,1,10000274,186900,92800,-1
36003.93,1,10000275,1100,91100,1
36003.93,1,10000276,900,92600,1
36003.93,1,10000277,1000,92800,-1
36003.93,1,10000278,100,93300,-1
36003.93,1,10000279,1200,91600,1
36003.93,1,10000280,700,94600,-1
36003.93,1,10000281,300,90900,1
36003.95,1,10000282,500,92600,-1
36003.95,4,10000283,500,92700,-1
36003.96,1,10000284,1000,92300,1
36003.98,1,10000285,2000,93900,-1
36003.99,1,10000286,2000,92400,1
36003.99,1,10000287,200,88100,1
36003.99,1,10000288,500,92500,-1
36003.99,4,10000289,500,92700,-1
36004.0,3,10000290,1000,100300,-1
36004.0,1,10000291,15400,90700,1
36004.03,1,10000292,500,93900,1
36004.03,4,10000293,500,92800,1
36004.2,1,10000294,1400,93000,1
36004.2,4,10000295,1400,92800,1
36004.2,1,10000296,3800,94100,1
36004.2,4,10000297,3800,92800,1
36004.2,1,10000298,1400,93300,1
36004.2,4,10000299,1400,92800,1
36004.2,1,10000300,900,92500,-1
36004.2,4,10000301,900,92700,-1
36004.24,1,10000302,800,91500,1
36004.26,1,10000303,4900,97600,-1
36004.27,1,10000304,40000,92100,1
36004.31,1,10000305,200,92300,-1
36004.31,4,10000306,200,92700,-1
36004.31,1,10000307,7400,93300,1
36004.31,4,10000308,7400,92800,1
36004.31,1,10000309,700,93400,1
36004.31,4,10000310,700,92800,1
36004.33,1,10000311,200,92400,1
36004.34,3,10000312,1000,92500,1
36004.34,1,10000313,1600,92200,1
36004.35,1,10000314,500,89600,1
36004.38,1,10000315,6300,92600,1
36004.38,1,10000316,1200,93500,1
36004.38,4,10000317,1200,92800,1
36004.38,1,10000318,600,93300,1
36004.38,4,10000319,600,92800,1
36004.38,1,10000320,500,92400,1
36004.43,3,10000321,100,92000,1
36004.44,3,10000322,200,91100,1
36004.46,1,10000323,2000,87900,1
36004.47,1,10000324,50000,93200,1
36004.47,4,10000325,50000,92800,1
36004.66,1,10000326,1000,93000,-1
36004.67,1,10000327,2800,93000,-1
36004.67,1,10000328,500,91900,1
36004.68,1,10000329,27800,93400,1
36004.68,4,10000330,27800,92800,1
36004.68,1,10000331,1400,97300,-1
36004.73,1,10000332,1000,93100,1
36004.73,4,10000333,1000,92800,1
36004.76,1,10000334,1700,92100,-1
36004.76,4,10000335,1700,92700,-1
36004.77,1,10000336,900,91800,1
36004.78,1,10000337,1600,90800,1
36004.8,1,10000338,3900,88600,1
36004.81,1,10000339,500,92200,1
36004.81,1,10000340,1200,103500,-1
36004.83,1,10000341,800,92800,-1
36004.84,1,10000342,3100,91400,1
36004.94,1,10000343,3200,92200,-1
36004.94,4,10000344,3200,92700,-1
36004.95,1,10000345,600,92900,-1
36004.95,1,10000346,200,89400,1
36004.95,1,10000347,400,93400,1
36004.95,4,10000348,400,92800,1
36005.01,3,10000349,400,91600,1
36005.02,3,10000350,400,92500,1
36005.02,1,10000351,1000,92500,-1
36005.02,4,10000352,1000,92700,-1
36005.04,1,10000353,400,92900,-1
36005.06,1,10000354,300,92600,1
36005.06,1,10000355,4000,92600,-1
36005.06,4,10000356,4000,92700,-1
36005.06,1,10000357,3400,92500,-1
36005.06,4,10000358,3400,92700,-1
36005.07,1,10000359,200,93200,-1
36005.07,1,10000360,400,63900,1
36005.1,1,10000361,1500,92600,1
36005.11,3,10000362,300,92800,-1
36005.18,1,10000363,4000,92600,1
36005.18,1,10000364,2100,93000,-1
36005.39,1,10000365,200,93300,1
36005.39,4,10000366,200,92800,1
36005.39,1,10000367,22000,91900,-1
36005.39,4,10000368,22000,92700,-1
36005.39,1,10000369,2800,92800,-1
36005.39,1,10000370,200,93000,1
36005.39,4,10000371,200,92800,1
36005.4,1,10000372,200,92400,-1
36005.4,4,10000373,200,92700,-1
36005.4,1,10000374,80700,87800,1
36005.41,1,10000375,200,93200,1
36005.41,4,10000376,200,92800,1
36005.44,1,10000377,100,90500,1
36005.47,1,10000378,5800,92500,1
36005.57,1,10000379,500,92800,-1
36005.58,1,10000380,100,92400,1
36005.59,2,10000381,500,101400,-1
36005.6,1,10000382,500,90900,-1
36005.6,4,10000383,500,92700,-1
36005.64,1,10000384,1200,92100,-1
36005.64,4,10000385,1200,92700,-1
36005.64,1,10000386,500,92800,1
36005.64,4,10000387,500,92800,1
36005.64,1,10000388,17200,96000,-1
36005.64,1,10000389,300,93800,1
36005.64,4,10000390,300,92800,1
36005.65,1,10000391,300,91900,1
36005.67,1,10000392,1000,96500,-1
36005.72,1,10000393,100,92400,1
36005.73,1,10000394,1500,93200,1
36005.73,4,10000395,1500,92800,1
36005.79,1,10000396,3300,94800,-1
36005.8,1,10000397,2000,92300,-1
36005.8,4,10000398,2000,92700,-1
36005.8,1,10000399,10000,93900,-1
36005.8,1,10000400,700,96500,-1
36005.81,1,10000401,1000,93800,1
36005.81,4,10000402,1000,92800,1
36005.83,1,10000403,3700,92900,1
36005.83,4,10000404,3700,92800,1
36005.85,2,10000405,1000,92900,-1
36005.87,3,10000406,1500,91800,1
36005.88,1,10000407,900,92500,-1
36005.88,4,10000408,900,92700,-1
36005.88,1,10000409,1000,88700,1
36005.89,1,10000410,5900,91900,-1
36005.89,4,10000411,5900,92700,-1
36005.94,1,10000412,700,92400,-1
36005.94,4,10000413,700,92700,-1
36005.94,1,10000414,1000,93500,-1
36005.94,1,10000415,3100,91800,1
36005.95,3,10000416,1400,97600,-1
36005.95,1,10000417,3400,93300,-1
36005.98,1,10000418,1900,93400,-1
36005.98,1,10000419,300,91700,1
36005.98,1,10000420,900,92800,-1
36005.98,1,10000421,300,92900,1
36005.98,4,10000422,300,92800,1
36006.02,1,10000423,800,91700,-1
36006.02,4,10000424,800,92700,-1
36006.05,1,10000425,5000,93200,-1
36006.1,3,10000426,3800,93000,-1
36006.13,1,10000427,100,93100,1
36006.13,4,10000428,100,92800,1
36006.16,1,10000429,7500,92800,1
36006.16,4,10000430,7500,92800,1
36006.16,1,10000431,1100,92300,1
36006.19,1,10000432,1000,93100,1
36006.19,4,10000433,1000,92800,1
36006.2,1,10000434,200,93600,-1
36006.2,1,10000435,1800,91000,-1
36006.2,4,10000436,1800,92700,-1
36006.2,1,10000437,1300,100400,-1
36006.2,1,10000438,1000,91900,1
36006.23,1,10000439,1000,91800,1
36006.25,1,10000440,700,93400,-1
36006.25,1,10000441,8000,99400,-1
36006.25,1,10000442,3900,92500,1
36006.25,1,10000443,6800,92200,1
36006.26,1,10000444,700,93100,-1
36006.29,3,10000445,3500,92500,1
36006.3,1,10000446,1800,92100,-1
36006.3,4,10000447,1800,92700,-1
36006.3,1,10000448,200,93200,1
36006.3,4,10000449,200,92800,1
36006.31,1,10000450,200,94300,-1
36006.31,1,10000451,7800,92400,1
36006.32,1,10000452,400,92900,-1
36006.33,1,10000453,7700,97300,-1
36006.37,1,10000454,1500,93300,-1
36006.4,1,10000455,600,92500,1
36006.4,1,10000456,5000,93300,-1
36006.42,1,10000457,1000,93300,1
36006.42,4,10000458,1000,92800,1
36006.43,1,10000459,1000,92100,-1
36006.43,4,10000460,1000,92700,-1
36006.46,1,10000461,12300,93000,1
36006.46,4,10000462,12300,92800,1
36006.46,1,10000463,3800,93000,-1
36006.47,1,10000464,100,92400,1
36006.47,3,10000465,700,93300,-1
36006.47,1,10000466,1000,92000,-1
36006.47,4,10000467,1000,92700,-1
36006.5,3,10000468,2000,92800,-1
36006.5,1,10000469,500,91900,-1
36006.5,4,10000470,500,92700,-1
36006.51,1,10000471,1000,95200,-1
36006.51,1,10000472,5000,93400,-1
36006.51,1,10000473,500,92200,1
36006.52,1,10000474,100,92800,1
36006.52,4,10000475,100,92800,1
36006.52,1,10000476,3200,93300,-1
36006.53,3,10000477,400,92100,1
36006.53,1,10000478,3900,93000,-1
36006.53,1,10000479,1000,92200,1
36006.56,2,10000480,400,92900,-1
36006.56,1,10000481,2200,90900,1
36006.56,1,10000482,1000,92200,1
36006.57,1,10000483,36000,94100,1
36006.57,4,10000484,36000,92800,1
36006.57,1,10000485,11000,92500,-1
36006.57,4,10000486,11000,92700,-1
36006.59,1,10000487,52500,93100,1
36006.59,4,10000488,52500,92800,1
36006.59,1,10000489,500,93400,-1
36006.59,1,10000490,500,91600,-1
36006.59,4,10000491,500,92700,-1
36006.74,1,10000492,200,92900,1
36006.74,4,10000493,200,92800,1
36006.78,2,10000494,700,94600,-1
36006.82,1,10000495,49000,91400,1
36006.83,1,10000496,100,92400,-1
36006.83,4,10000497,100,92700,-1
36006.92,1,10000498,2400,97400,-1
36006.95,1,10000499,300,93700,1
36006.95,4,10000500,300,92800,1
36007.15,1,10000501,10400,101700,-1
36007.15,1,10000502,600,92400,-1
36007.15,4,10000503,600,92700,-1
36007.15,1,10000504,1200,92400,-1
36007.15,4,10000505,1200,92700,-1
36007.15,1,10000506,400,93400,1
36007.15,4,10000507,400,92800,1
36007.17,1,10000508,5000,99100,-1
36007.18,1,10000509,900,92600,-1
36007.18,4,10000510,900,92700,-1
36007.2,1,10000511,200,93000,-1
36007.2,2,10000512,1200,93100,-1
36007.2,1,10000513,2700,96700,-1
36007.2,1,10000514,5200,93200,1
36007.2,4,10000515,5200,92800,1
36007.2,1,10000516,20000,92600,-1
36007.2,4,10000517,20000,92700,-1
36007.23,1,10000518,400,94200,1
36007.23,4,10000519,400,92800,1
36007.23,3,10000520,3700,93300,-1
36007.23,1,10000521,3500,92400,-1
36007.23,4,10000522,3500,92700,-1
36007.23,1,10000523,1100,91700,1
36007.24,1,10000524,600,92400,-1
36007.24,4,10000525,600,92700,-1
36007.24,1,10000526,200,93400,1
36007.24,4,10000527,200,92800,1
36007.3,1,10000528,1100,93100,-1
36007.3,1,10000529,100,95700,1
36007.3,4,10000530,100,92800,1
36007.3,1,10000531,3000,92800,-1
36007.34,3,10000532,10000,92800,-1
36007.34,1,10000533,2200,92400,1
36007.34,1,10000534,600,89600,1
36007.37,1,10000535,500,93100,1
36007.37,4,10000536,500,92800,1
36007.39,1,10000537,500,93100,1
36007.39,4,10000538,500,92800,1
36007.56,1,10000539,300,93200,-1
36007.62,2,10000540,300,90400,1
36007.66,1,10000541,1300,92400,1
36007.66,3,10000542,300,92400,1
36007.76,1,10000543,200,93200,1
36007.76,4,10000544,200,92800,1
36008.29,1,10000545,1700,92300,1
36008.29,1,10000546,2300,99000,-1
36008.29,1,10000547,1000,80600,1
36008.32,1,10000548,3700,92400,1
36008.33,1,10000549,700,91000,-1
36008.33,4,10000550,700,92700,-1
36008.33,1,10000551,700,94700,-1
36008.34,1,10000552,100,96000,-1
36008.34,1,10000553,6200,91200,1
36008.35,1,10000554,100,92800,1
36008.35,4,10000555,100,92800,1
36008.35,1,10000556,6200,92800,1
36008.35,4,10000557,6200,92800,1
36008.36,3,10000558,2000,91800,1
36008.36,1,10000559,100,93200,1
36008.36,4,10000560,100,92800,1
36008.37,1,10000561,11300,93000,1
36008.37,4,10000562,11300,92800,1
36008.37,1,10000563,300,93800,-1
36008.4,1,10000564,800,92800,-1
36008.41,3,10000565,200,93300,-1
36008.41,1,10000566,2200,92800,1
36008.41,4,10000567,2200,92800,1
36008.42,1,10000568,2200,89700,1
36008.42,1,10000569,4200,94000,-1
36008.42,2,10000570,11600,92200,1
36008.46,1,10000571,1000,92500,1
36008.49,1,10000572,500,93700,1
36008.49,4,10000573,500,92800,1
36008.49,1,10000574,1100,91800,1
36008.53,1,10000575,1300,92400,1
36008.53,1,10000576,127400,92800,-1
36008.53,1,10000577,1800,92800,1
36008.53,4,10000578,1800,92800,1
36008.54,3,10000579,1200,93800,-1
36008.54,1,10000580,1800,92800,1
36008.54,4,10000581,1800,92800,1
36008.57,1,10000582,10000,92600,1
36008.57,1,10000583,1500,92800,-1
36008.57,1,10000584,500,92800,-1
36008.61,1,10000585,3000,92800,-1
36008.61,1,10000586,500,92800,-1
36008.61,1,10000587,1600,92200,1
36008.61,1,10000588,500,93300,1
36008.61,4,10000589,500,92800,1
36008.61,1,10000590,100,93200,1
36008.61,4,10000591,100,92800,1
36008.61,1,10000592,100,87900,1
36008.61,1,10000593,100,93100,-1
36008.66,1,10000594,700,92500,1
36008.66,2,10000595,1600,92200,1
36008.71,1,10000596,900,91900,1
36008.72,1,10000597,4600,92900,-1
36008.72,1,10000598,4700,92500,1
36008.74,1,10000599,300,94600,1
36008.74,4,10000600,300,92800,1
36008.74,1,10000601,1500,93300,1
36008.74,4,10000602,1500,92800,1
36008.77,1,10000603,3200,92600,1
36008.77,1,10000604,200,93400,1
36008.77,4,10000605,200,92800,1
36008.77,1,10000606,500,93300,1
36008.77,4,10000607,500,92800,1
36008.83,1,10000608,1100,92600,-1
36008.83,4,10000609,1100,92700,-1
36008.84,1,10000610,5000,89200,1
36008.84,1,10000611,100,93100,1
36008.84,4,10000612,100,92800,1
36008.84,1,10000613,3000,88800,1
36008.84,3,10000614,900,92800,-1
36008.85,1,10000615,1500,93000,1
36008.85,4,10000616,1500,92800,1
36008.85,1,10000617,100,92400,1
36008.88,1,10000618,900,92000,-1
36008.88,4,10000619,900,92700,-1
36008.88,1,10000620,700,96400,-1
36008.88,3,10000621,1400,92900,-1
36008.88,3,10000622,25700,93800,-1
36008.89,2,10000623,10000,93000,-1
36008.96,3,10000624,200,92400,1
36008.96,1,10000625,5700,92800,-1
36008.96,1,10000626,7600,90800,1
36008.96,1,10000627,500,93200,1
36008.96,4,10000628,500,92800,1
36008.96,1,10000629,3000,93000,1
36008.96,4,10000630,3000,92800,1
36008.96,1,10000631,100,93200,1
36008.96,4,10000632,100,92800,1
36008.98,1,10000633,400,91200,-1
36008.98,4,10000634,400,92700,-1
36008.98,1,10000635,300,92800,-1
36008.99,1,10000636,200,93300,1
36008.99,4,10000637,200,92800,1
36008.99,1,10000638,1400,92800,-1
36008.99,1,10000639,2600,92400,-1
36008.99,4,10000640,2600,92700,-1
36008.99,3,10000641,200,92300,1
36009.01,1,10000642,400,93500,1
36009.01,4,10000643,400,92800,1
36009.02,3,10000644,1200,92400,1
36009.02,1,10000645,1600,93100,1
36009.02,4,10000646,1600,92800,1
36009.19,2,10000647,1200,93100,-1
36009.19,1,10000648,1500,93000,1
36009.19,4,10000649,1500,92800,1
36009.19,1,10000650,300,93100,-1
36009.2,2,10000651,300,93100,-1
36009.2,1,10000652,2000,93100,1
36009.2,4,10000653,2000,92800,1
36009.23,1,10000654,500,98700,-1
36009.23,1,10000655,100,74400,1
36009.23,1,10000656,1500,92800,-1
36009.23,3,10000657,700,92900,-1
36009.23,1,10000658,1100,92300,1
36009.23,1,10000659,100,93700,-1
36009.24,1,10000660,1500,93200,-1
36009.28,1,10000661,2000,92600,-1
36009.28,4,10000662,2000,92700,-1
36009.32,1,10000663,1400,93100,1
36009.32,4,10000664,1400,92800,1
36009.33,1,10000665,4200,92800,-1
36009.38,1,10000666,9900,94300,-1
36009.38,1,10000667,2200,93400,1
36009.38,4,10000668,2200,92800,1
36009.4,1,10000669,100,92800,1
36009.4,4,10000670,100,92800,1
36009.4,1,10000671,100,93000,-1
36009.41,3,10000672,1100,92300,1
36009.41,1,10000673,100,92400,-1
36009.41,4,10000674,100,92700,-1
36009.42,3,10000675,9300,92500,1
36009.42,3,10000676,200,92600,1
36009.42,3,10000677,1300,92600,1
36009.43,3,10000678,1600,91900,1
36009.43,1,10000679,500,93100,1
36009.43,4,10000680,500,92800,1
36009.43,3,10000681,900,92800,-1
36009.45,1,10000682,6300,94100,-1
36009.48,1,10000683,1000,93100,1
36009.48,4,10000684,1000,92800,1
36009.5,3,10000685,5100,92500,1
36009.5,1,10000686,100,92600,1
36009.5,1,10000687,6000,92800,-1
36009.5,3,10000688,3900,92600,1
36009.5,3,10000689,1800,92600,1
36009.51,3,10000690,200,92100,1
36009.53,1,10000691,600,96100,-1
36009.55,3,10000692,3100,92500,1
36009.65,1,10000693,1800,92900,-1
36009.65,1,10000694,700,93100,1
36009.65,4,10000695,700,92800,1
36009.66,1,10000696,3400,93200,1
36009.66,4,10000697,3400,92800,1
36009.66,1,10000698,4000,92500,-1
36009.66,4,10000699,4000,92700,-1
36009.66,3,10000700,300,92900,-1
36009.68,1,10000701,300,95900,-1
36009.72,1,10000702,1000,92000,1
36009.73,2,10000703,100,93000,-1
36009.74,1,10000704,700,93100,1
36009.74,4,10000705,700,92800,1
36009.74,1,10000706,24000,93100,-1
36009.74,3,10000707,500,92600,1
36009.75,1,10000708,800,93100,1
36009.75,4,10000709,800,92800,1
36009.76,1,10000710,2600,92800,1
36009.76,4,10000711,2600,92800,1
36009.82,1,10000712,100,92500,-1
36009.82,4,10000713,100,92700,-1
36009.82,1,10000714,13500,94000,-1
36009.83,2,10000715,800,91500,1
36009.83,3,10000716,400,92500,1
36009.89,1,10000717,1300,92800,1
36009.89,4,10000718,1300,92800,1
36009.89,3,10000719,1700,92900,-1
36009.9,3,10000720,3400,92600,1
36009.9,3,10000721,700,92900,-1
36009.9,3,10000722,3000,92800,-1
36009.9,3,10000723,3300,92600,1
36009.9,1,10000724,9700,92400,-1
36009.9,4,10000725,9700,92700,-1
36009.9,3,10000726,5900,92500,1
36009.91,3,10000727,7700,92600,1
36009.92,3,10000728,300,92500,1
36009.92,3,10000729,6200,92600,1
36009.92,3,10000730,5100,92500,1
36009.92,3,10000731,2400,92600,1
36009.94,3,10000732,2800,93300,-1
36009.94,3,10000733,500,92900,-1
36009.94,3,10000734,7400,92600,1
36010.19,1,10000735,900,92500,1
36010.19,3,10000736,100,92900,-1
36010.19,1,10000737,500,93100,-1
36010.21,1,10000738,500,92800,1
36010.21,4,10000739,500,92800,1
36010.3,1,10000740,1200,92500,-1
36010.3,4,10000741,1200,92700,-1
36010.31,1,10000742,2000,92500,-1
36010.31,4,10000743,2000,92700,-1
36010.32,1,10000744,1500,92900,-1
36010.32,1,10000745,300,92800,1
36010.32,4,10000746,300,92800,1
36010.32,1,10000747,1100,94200,1
36010.32,4,10000748,1100,92800,1
36010.37,1,10000749,500,92800,-1
36010.42,1,10000750,300,92800,-1
36010.49,1,10000751,2200,91900,1
36010.49,1,10000752,2300,92900,1
36010.49,4,10000753,2300,92800,1
36010.5,3,10000754,5000,93100,-1
36010.5,1,10000755,1000,92900,1
36010.5,4,10000756,1000,92800,1
36010.54,3,10000757,1000,92500,1
36010.69,3,10000758,600,93300,-1
36010.7,3,10000759,500,92300,1
36010.7,1,10000760,50000,92800,1
36010.7,4,10000761,50000,92800,1
36010.71,1,10000762,2300,86800,1
36010.72,1,10000763,900,92800,-1
36010.73,1,10000764,200,91400,1
36010.73,1,10000765,100,92800,-1
36010.74,1,10000766,300,92800,1
36010.74,4,10000767,300,92800,1
36010.75,1,10000768,300,92800,1
36010.75,4,10000769,300,92800,1
36010.75,1,10000770,3800,94400,-1
36011.03,1,10000771,600,92400,1
36011.05,1,10000772,200,92800,-1
36011.07,1,10000773,200,92800,-1
36011.12,1,10000774,200,92900,1
36011.12,4,10000775,200,92800,1
36011.36,1,10000776,1800,90200,1
36011.38,1,10000777,200,92600,1
36011.39,1,10000778,500,92600,-1
36011.39,4,10000779,500,92700,-1
36011.7,1,10000780,2400,92800,1
36011.7,4,10000781,2400,92800,1
36011.76,1,10000782,3600,92800,1
36011.76,4,10000783,3600,92800,1
36011.79,1,10000784,1500,93000,1
36011.79,4,10000785,1500,92800,1
36011.89,1,10000786,600,92800,1
36011.89,4,10000787,600,92800,1
36011.93,1,10000788,100,92800,1
36011.93,4,10000789,100,92800,1
36011.93,1,10000790,1400,92800,1
36011.93,4,10000791,1400,92800,1
36011.93,1,10000792,1000,92900,-1
36011.94,1,10000793,5000,92800,1
36011.94,4,10000794,5000,92800,1
36012.05,1,10000795,400,93600,-1
36012.12,1,10000796,1200,90300,1
36012.13,3,10000797,3500,93900,-1
36012.2,1,10000798,2000,92400,1
36012.25,3,10000799,900,93300,-1
36012.28,1,10000800,2000,92800,-1
36012.29,1,10000801,1000,92800,1
36012.29,4,10000802,1000,92800,1
36012.31,1,10000803,1900,92300,1
36012.36,1,10000804,2200,92600,1
36012.37,1,10000805,38400,92800,-1
36012.38,3,10000806,300,93400,-1
36012.39,1,10000807,700,92400,1
36012.39,1,10000808,100,92900,1
36012.39,4,10000809,100,92800,1
36012.48,3,10000810,500,91000,1
36012.51,1,10000811,200,92800,-1
36012.54,1,10000812,100,92800,-1
36012.54,1,10000813,15000,92600,1
36012.56,3,10000814,1500,92500,1
36012.62,1,10000815,400,92600,-1
36012.62,4,10000816,400,92700,-1
36012.63,1,10000817,1000,91700,1
36012.68,3,10000818,100,92400,1
36012.71,1,10000819,800,92600,1
36012.76,1,10000820,1400,92600,1
36012.76,1,10000821,600,92600,1
36012.76,1,10000822,1000,92600,1
36012.79,1,10000823,1500,93700,-1
36012.79,1,10000824,4700,93700,-1
36012.79,1,10000825,900,91300,-1
36012.79,4,10000826,900,92700,-1
36012.8,1,10000827,900,92100,1
36012.83,1,10000828,5700,92600,1
36012.91,1,10000829,6100,91500,1
36012.97,1,10000830,300,92600,1
36013.3,1,10000831,1300,92600,-1
36013.3,4,10000832,1300,92700,-1
36013.34,1,10000833,1500,91700,1
36013.35,1,10000834,2000,92200,1
36013.4,1,10000835,500,92800,1
36013.4,4,10000836,500,92800,1
36013.63,1,10000837,1900,92600,-1
36013.63,4,10000838,1900,92700,-1
36013.71,1,10000839,300,91700,-1
36013.71,4,10000840,300,92700,-1
36013.74,1,10000841,600,92600,1
36013.79,1,10000842,1000,92800,-1
36013.99,3,10000843,100,93200,-1
36014.02,3,10000844,2600,91400,1
36014.04,2,10000845,3500,92900,-1
36014.09,3,10000846,200,92500,1
36014.09,1,10000847,100,92800,1
36014.09,4,10000848,100,92800,1
36014.09,1,10000849,1100,92800,1
36014.09,4,10000850,1100,92800,1
36014.09,1,10000851,1300,92800,1
36014.09,4,10000852,1300,92800,1
36014.15,1,10000853,262400,92800,1
36014.15,4,10000854,104100,92800,1
36014.15,1,10000855,600,93000,1
36014.18,3,10000856,15000,91400,1
36014.26,1,10000857,4300,93800,-1
36014.28,1,10000858,2700,93200,-1
36014.31,1,10000859,300,93200,1
36014.31,4,10000860,300,93100,1
36014.36,1,10000861,6200,91500,1
36014.38,3,10000862,100000,92800,1
36014.38,1,10000863,7400,98000,-1
36014.44,2,10000864,58300,92800,1
36014.47,3,10000865,500,93100,-1
36014.56,3,10000866,1000,91800,1
36014.58,1,10000867,1000,91500,1
36014.67,1,10000868,200,93000,-1
36014.67,4,10000869,200,93000,-1
36014.69,3,10000870,600,93900,-1
36014.71,1,10000871,200,93600,-1
36014.78,1,10000872,2000,93200,-1
36014.8,1,10000873,100,93100,1
36014.8,4,10000874,100,93100,1
36015.02,3,10000875,2000,95600,-1
36015.16,1,10000876,900,94400,1
36015.16,4,10000877,900,93100,1
36015.17,1,10000878,1000,92800,-1
36015.17,4,10000879,400,93000,-1
36015.27,1,10000880,400,93500,-1
36015.3,1,10000881,1400,93200,-1
36015.34,3,10000882,5900,92500,1
36015.37,1,10000883,2500,92800,-1
36015.38,1,10000884,500,93500,-1
36015.39,1,10000885,200,92900,-1
36015.52,1,10000886,800,92800,-1
36015.54,1,10000887,300,98200,-1
36015.58,3,10000888,1400,92400,1
36015.69,1,10000889,800,92800,1
36015.69,4,10000890,800,92800,1
36015.71,3,10000891,100,92800,-1
36015.75,1,10000892,5300,92600,1
36015.8,1,10000893,1000,92800,-1
36015.89,1,10000894,200,92400,1
36015.93,3,10000895,10000,93200,-1
36015.94,1,10000896,1800,111200,-1
36015.98,1,10000897,500,91100,1
36016.02,1,10000898,1100,93100,-1
36016.04,2,10000899,200,92900,-1
36016.07,3,10000900,1900,93500,-1
36016.11,1,10000901,2000,93000,-1
36016.19,1,10000902,19000,92400,1
36016.21,1,10000903,1400,92900,1
36016.21,4,10000904,1400,92800,1
36016.31,3,10000905,1000,94300,-1
36016.35,1,10000906,200,94000,-1
36016.43,1,10000907,81100,92600,1
36016.45,1,10000908,31100,92800,-1
36016.51,1,10000909,500,92900,1
36016.51,4,10000910,500,92800,1
36016.54,1,10000911,400,92800,1
36016.54,4,10000912,400,92800,1
36016.6,1,10000913,1500,93200,-1
36016.64,1,10000914,200,92800,-1
36016.73,1,10000915,2900,92800,-1
36016.74,1,10000916,2500,92400,-1
36016.74,4,10000917,2500,92700,-1
36016.76,1,10000918,400,92900,-1
36016.85,1,10000919,1500,94300,-1
36016.86,1,10000920,2000,92800,1
36016.86,4,10000921,2000,92800,1
36016.88,1,10000922,1300,92800,-1
36016.95,1,10000923,2000,92800,1
36016.95,4,10000924,2000,92800,1
36016.97,1,10000925,400,92600,1
36016.97,1,10000926,1000,92600,1
36017.02,1,10000927,400,92500,1
36017.04,1,10000928,5200,92300,-1
36017.04,4,10000929,5200,92700,-1
36017.06,1,10000930,100,92600,1
36017.08,1,10000931,500,90900,1
36017.09,1,10000932,2400,92000,1
36017.16,1,10000933,100,92900,-1
36017.23,3,10000934,1000,92600,1
36017.31,1,10000935,600,92800,1
36017.31,4,10000936,600,92800,1
36017.32,3,10000937,500,92800,-1
36017.32,1,10000938,800,92600,1
36017.33,1,10000939,2400,93100,-1
36017.43,1,10000940,4000,92500,-1
36017.43,4,10000941,4000,92700,-1
36017.5,1,10000942,6500,92600,1
36017.55,1,10000943,800,92800,1
36017.55,4,10000944,800,92800,1
36017.56,1,10000945,1000,92900,-1
36017.57,1,10000946,200,92800,1
36017.57,4,10000947,200,92800,1
36017.61,1,10000948,2000,91200,1
36017.61,1,10000949,6600,93100,-1
36017.64,3,10000950,400,96000,-1
36017.65,1,10000951,2700,91400,-1
36017.65,4,10000952,2700,92700,-1
36017.68,1,10000953,500,93400,-1
36017.69,1,10000954,500,92900,-1
36017.7,1,10000955,3100,92300,1
36017.73,1,10000956,12600,92800,1
36017.73,4,10000957,12600,92800,1
36017.78,3,10000958,1500,92600,1
36017.78,1,10000959,3700,92600,-1
36017.78,4,10000960,3700,92700,-1
36017.79,3,10000961,1000,92400,1
36017.94,3,10000962,1000,86800,1
36017.96,1,10000963,200,92200,-1
36017.96,4,10000964,200,92700,-1
36017.98,1,10000965,2200,92600,1
36018.04,2,10000966,2000,92900,-1
36018.05,2,10000967,4000,91800,1
36018.08,1,10000968,200,92500,-1
36018.08,4,10000969,200,92700,-1
36018.15,3,10000970,300,91900,1
36018.31,1,10000971,72900,92800,-1
36018.32,1,10000972,1600,92800,1
36018.32,4,10000973,1600,92800,1
36018.38,1,10000974,600,92800,-1
36018.44,1,10000975,200,92800,1
36018.44,4,10000976,200,92800,1
36018.48,1,10000977,4900,92800,1
36018.48,4,10000978,4900,92800,1
36018.54,1,10000979,3800,92800,1
36018.54,4,10000980,3800,92800,1
36018.57,1,10000981,1500,92900,-1
36018.59,3,10000982,500,93000,-1
36018.6,1,10000983,400,92900,1
36018.6,4,10000984,400,92800,1
36018.67,1,10000985,4300,92800,-1
36018.68,1,10000986,600,91600,1
36018.68,1,10000987,7900,93600,-1
36018.7,1,10000988,5000,92300,1
36018.76,1,10000989,5200,94600,-1
36018.82,1,10000990,2000,92800,1
36018.82,4,10000991,2000,92800,1
36018.84,1,10000992,200,92900,-1
36018.86,3,10000993,5700,92100,1
36018.89,1,10000994,500,92900,-1
36018.9,1,10000995,2800,92300,1
36018.9,1,10000996,3000,93300,1
36018.9,4,10000997,3000,92800,1
36019.04,3,10000998,200,92600,1
36019.04,1,10000999,2800,92600,1
36019.05,1,10001000,3000,92800,1
36019.05,4,10001001,3000,92800,1
36019.07,1,10001002,100,91400,1
36019.12,2,10001003,2200,92900,-1
36019.12,1,10001004,500,92900,-1
36019.13,1,10001005,100,92800,1
36019.13,4,10001006,100,92800,1
36019.17,1,10001007,100,92400,1
36019.18,1,10001008,300,92600,1
36019.18,1,10001009,3000,92800,1
36019.18,4,10001010,3000,92800,1
36019.22,3,10001011,100,92900,-1
36019.25,1,10001012,1000,92600,1
36019.26,1,10001013,300,92600,1
36019.3,1,10001014,700,92800,-1
36019.33,1,10001015,400,92800,-1
36019.34,3,10001016,2000,93100,-1
36019.37,1,10001017,2000,92800,1
36019.37,4,10001018,2000,92800,1
36019.39,3,10001019,700,89700,1
36019.4,1,10001020,1400,92800,1
36019.4,4,10001021,1400,92800,1
36019.47,1,10001022,400,89300,1
36019.48,1,10001023,200,92200,1
36019.52,1,10001024,1600,92800,1
36019.52,4,10001025,1600,92800,1
36019.52,1,10001026,3000,93500,-1
36019.54,3,10001027,2400,91900,1
36019.57,1,10001028,1100,92800,1
36019.57,4,10001029,1100,92800,1
36019.63,1,10001030,1000,92600,1
36019.68,1,10001031,1000,92800,1
36019.68,4,10001032,1000,92800,1
36019.69,3,10001033,100,91900,1
36019.69,1,10001034,500,92800,1
36019.69,4,10001035,500,92800,1
36019.8,1,10001036,10000,92900,-1
36019.8,1,10001037,300,92800,1
36019.8,4,10001038,300,92800,1
36019.81,1,10001039,1000,92900,-1
36019.82,1,10001040,1100,92300,-1
36019.82,4,10001041,1100,92700,-1
36019.82,1,10001042,9600,92600,1
36019.84,1,10001043,600,92600,-1
36019.84,4,10001044,600,92700,-1
36019.85,1,10001045,1000,100400,-1
36019.86,1,10001046,4000,92900,1
36019.86,4,10001047,4000,92800,1
36019.9,1,10001048,1200,95200,-1
36019.91,1,10001049,300,93900,-1
36019.93,1,10001050,300,94500,-1
36019.96,1,10001051,5100,94700,-1
36020.17,3,10001052,1000,91400,1
36020.19,1,10001053,5700,93600,-1
36020.2,3,10001054,2000,92200,1
36020.2,1,10001055,1000,94600,-1
36020.21,1,10001056,1200,92300,1
36020.23,1,10001057,1900,91900,1
36020.24,1,10001058,2200,92400,-1
36020.24,4,10001059,2200,92700,-1
36020.27,1,10001060,100,93500,-1
36020.31,1,10001061,400,92900,-1
36020.32,3,10001062,7200,91400,1
36020.34,3,10001063,300,98700,-1
36020.38,1,10001064,1000,91900,-1
36020.38,4,10001065,1000,92700,-1
36020.39,3,10001066,2000,92000,1
36020.45,1,10001067,100,92600,1
36020.46,2,10001068,1500,93000,-1
36020.5,1,10001069,600,92900,-1
36020.51,1,10001070,900,92300,1
36020.56,3,10001071,200,96100,-1
36020.56,1,10001072,500,92800,1
36020.56,4,10001073,500,92800,1
36020.57,1,10001074,8000,92100,-1
36020.57,4,10001075,8000,92700,-1
36020.6,3,10001076,400,91200,1
36020.65,1,10001077,4000,92800,1
36020.65,4,10001078,4000,92800,1
36020.66,3,10001079,2000,93600,-1
36020.67,1,10001080,200,93100,-1
36020.67,1,10001081,100,94600,-1
36020.68,1,10001082,200,92000,1
36020.76,1,10001083,1000,101100,-1
36020.77,3,10001084,1000,92100,1
36020.81,1,10001085,2100,92800,1
36020.81,4,10001086,2100,92800,1
36020.85,1,10001087,200,93000,1
36020.85,4,10001088,200,92800,1
36021.01,1,10001089,3000,92000,1
36021.23,1,10001090,700,93100,-1
36021.29,1,10001091,300,92600,1
36021.3,1,10001092,200,92800,-1
36021.31,1,10001093,1600,92800,-1
36021.33,3,10001094,100,94300,-1
36021.36,1,10001095,2400,92800,-1
36021.4,3,10001096,500,94300,-1
36021.43,1,10001097,3000,92800,-1
36021.43,1,10001098,5000,91900,1
36021.62,1,10001099,300,92500,1
36021.66,1,10001100,1000,91800,1
36021.66,3,10001101,7100,92600,1
36021.66,1,10001102,1000,92800,1
36021.66,4,10001103,1000,92800,1
36021.67,1,10001104,100,92600,-1
36021.67,4,10001105,100,92700,-1
36021.68,1,10001106,26900,92800,-1
36021.71,3,10001107,200,93900,-1
36021.75,1,10001108,2600,92600,1
36021.82,1,10001109,300,92900,1
36021.82,4,10001110,300,92800,1
36021.83,1,10001111,500,92800,1
36021.83,4,10001112,500,92800,1
36021.85,3,10001113,500,93600,-1
36021.86,3,10001114,900,94800,-1
36021.87,1,10001115,5000,92600,1
36021.88,2,10001116,7400,91900,1
36021.95,1,10001117,2000,92900,-1
36022.11,3,10001118,700,93500,-1
36022.11,1,10001119,200,92800,-1
36022.16,1,10001120,8400,92900,-1
36022.17,1,10001121,1000,93000,1
36022.17,4,10001122,1000,92800,1
36022.18,1,10001123,1000,93000,1
36022.18,4,10001124,1000,92800,1
36022.18,1,10001125,4000,92500,1
36022.22,1,10001126,100,92800,-1
36022.26,1,10001127,1100,92600,1
36022.27,2,10001128,1400,91600,1
36022.27,1,10001129,2600,93600,1
36022.27,4,10001130,2600,92800,1
36022.27,1,10001131,3000,92500,1
36022.34,1,10001132,300,92600,1
36022.34,1,10001133,7500,92600,-1
36022.34,4,10001134,7500,92700,-1
36022.39,3,10001135,100,92600,1
36022.39,1,10001136,58000,92400,-1
36022.39,4,10001137,58000,92700,-1
36022.4,3,10001138,100,92500,1
36022.43,1,10001139,3000,92600,1
36022.44,1,10001140,1000,92900,-1
36022.47,3,10001141,400,93700,-1
36022.47,1,10001142,100,92500,1
36022.48,1,10001143,200,92400,-1
36022.48,4,10001144,200,92700,-1
36022.51,1,10001145,1000,92600,1
36022.57,1,10001146,2600,92800,-1
36022.62,1,10001147,3400,90100,1
36022.63,3,10001148,500,92300,1
36022.63,1,10001149,200,92600,-1
36022.63,4,10001150,200,92700,-1
36022.64,1,10001151,300,92500,1
36022.66,1,10001152,139800,92600,1
36022.7,1,10001153,5000,92900,1
36022.7,4,10001154,5000,92800,1
36022.71,1,10001155,100,91700,1
36022.78,1,10001156,100,92400,1
36022.79,3,10001157,1000,92500,1
36022.79,1,10001158,200,92600,1
36022.8,1,10001159,600,92600,1
36022.81,3,10001160,600,92300,1
36022.83,1,10001161,1900,92900,-1
36022.87,3,10001162,17500,92800,-1
36022.89,3,10001163,100,92600,1
36022.9,1,10001164,1000,92800,1
36022.9,4,10001165,1000,92800,1
36022.92,3,10001166,1300,91700,1
36022.94,1,10001167,600,91900,-1
36022.94,4,10001168,600,92700,-1
36023.02,1,10001169,3000,92400,1
36023.06,1,10001170,200,92800,1
36023.06,4,10001171,200,92800,1
36023.06,1,10001172,5000,92800,1
36023.06,4,10001173,5000,92800,1
36023.1,1,10001174,1300,92800,-1
36023.12,1,10001175,300,92500,-1
36023.12,4,10001176,300,92700,-1
36023.14,1,10001177,500,92400,-1
36023.14,4,10001178,500,92700,-1
36023.17,1,10001179,2000,93000,-1
36023.18,1,10001180,500,92600,1
36023.18,1,10001181,1400,92600,-1
36023.18,4,10001182,1400,92700,-1
36023.21,1,10001183,800,94800,-1
36023.23,1,10001184,100,93200,-1
36023.23,1,10001185,500,96000,-1
36023.25,1,10001186,9600,84500,1
36023.26,1,10001187,300,92600,1
36023.26,1,10001188,1600,92600,1
36023.27,2,10001189,1000,91800,1
36023.27,1,10001190,6800,92600,-1
36023.27,4,10001191,5700,92700,-1
36023.27,4,10001192,1100,92600,-1
36023.27,1,10001193,200,92400,1
36023.3,1,10001194,500,92600,-1
36023.3,4,10001195,500,92600,-1
36023.43,1,10001196,1000,93200,-1
36023.45,1,10001197,1300,96500,-1
36023.47,1,10001198,200,92600,-1
36023.47,4,10001199,200,92600,-1
36023.48,1,10001200,1000,93700,-1
36023.49,3,10001201,30000,92500,1
36023.49,1,10001202,100,92500,1
36023.49,1,10001203,800,92500,1
36023.49,1,10001204,500,92500,1
36023.49,1,10001205,100,92500,1
36023.49,1,10001206,1000,93500,-1
36023.69,1,10001207,1000,96300,-1
36023.72,3,10001208,1500,91700,1
36023.73,3,10001209,500,92500,1
36023.76,3,10001210,1000,92400,1
36023.77,2,10001211,400,89300,1
36023.79,1,10001212,2000,95000,-1
36023.88,1,10001213,700,92500,1
36023.89,3,10001214,2000,91400,1
36023.89,1,10001215,6300,92400,1
36023.89,1,10001216,3000,92900,1
36023.89,4,10001217,3000,92800,1
36023.96,1,10001218,200,92400,1
36023.97,1,10001219,3300,92500,1
36023.97,1,10001220,200,92600,-1
36023.97,4,10001221,200,92600,-1
36024.0,3,10001222,1000,92400,1
36024.02,1,10001223,300,92500,1
36024.03,1,10001224,100,91500,1
36024.03,1,10001225,20000,92600,-1
36024.03,4,10001226,20000,92600,-1
36024.04,3,10001227,500,92400,1
36024.11,3,10001228,6600,94200,-1
36024.12,1,10001229,13400,92500,1
36024.12,1,10001230,400,92200,1
36024.13,1,10001231,1000,98200,-1
36024.14,1,10001232,1000,95100,-1
36024.15,3,10001233,100,92300,1
36024.22,1,10001234,10000,92900,1
36024.22,4,10001235,10000,92800,1
36024.23,1,10001236,200,92500,-1
36024.23,4,10001237,200,92600,-1
36024.24,3,10001238,1000,92400,1
36024.25,1,10001239,5000,92800,-1
36024.28,1,10001240,800,92500,-1
36024.28,4,10001241,800,92600,-1
36024.29,1,10001242,20000,98600,-1
36024.3,1,10001243,300,96500,-1
36024.31,1,10001244,800,92100,1
36024.32,1,10001245,2000,92600,1
36024.32,1,10001246,600,93300,-1
36024.32,1,10001247,100,92300,1
36024.33,1,10001248,2000,92500,1
36024.33,1,10001249,1200,92400,1
36024.33,1,10001250,1600,92200,1
36024.33,3,10001251,4900,92900,-1
36024.33,1,10001252,900,92300,1
36024.36,1,10001253,100,92600,-1
36024.36,4,10001254,100,92600,-1
36024.38,1,10001255,200,90600,1
36024.38,1,10001256,100,93000,1
36024.38,4,10001257,100,92800,1
36024.39,3,10001258,300,92500,1
36024.39,3,10001259,5100,92600,1
36024.41,1,10001260,1700,91200,1
36024.42,1,10001261,1600,92600,1
36024.43,1,10001262,5000,92300,1
36024.48,1,10001263,300,94900,-1
36024.48,1,10001264,35400,93100,1
36024.48,4,10001265,35400,92800,1
36024.49,3,10001266,3500,92600,1
36024.51,3,10001267,300,92600,1
36024.75,3,10001268,3300,93500,-1
36024.83,1,10001269,1000,99800,-1
36024.87,1,10001270,4200,92500,-1
36024.87,4,10001271,4200,92600,-1
36024.87,1,10001272,29400,92900,1
36024.87,4,10001273,16400,92800,1
36024.87,4,10001274,13000,92900,1
36024.87,1,10001275,4600,93000,1
36024.87,4,10001276,4600,92900,1
36024.89,1,10001277,100000,92600,1
36024.9,1,10001278,200,92800,1
36024.91,1,10001279,600,93000,1
36024.91,4,10001280,600,92900,1
36024.93,3,10001281,1000,92500,1
36024.93,3,10001282,600,92600,1
36024.93,3,10001283,300,92600,1
36024.94,3,10001284,200,92600,1
36024.94,2,10001285,200,92800,1
36024.94,1,10001286,200,92600,-1
36024.94,4,10001287,200,92600,-1
36024.95,1,10001288,1500,92600,-1
36024.95,4,10001289,1500,92600,-1
36024.95,1,10001290,500,92600,-1
36024.95,4,10001291,500,92600,-1
36024.95,1,10001292,1000,92600,1
36024.96,1,10001293,3000,92200,1
36024.97,3,10001294,200,92200,1
36024.98,3,10001295,100,92600,1
36024.99,1,10001296,400,92600,1
36025.0,1,10001297,1200,92800,1
36025.01,1,10001298,100,92800,1
36025.01,1,10001299,1000,92800,-1
36025.01,4,10001300,1000,92800,-1
36025.05,1,10001301,18100,93400,-1
36025.06,3,10001302,900,92000,1
36025.06,1,10001303,1900,93100,1
36025.06,4,10001304,1900,92900,1
36025.07,3,10001305,300,92800,1
36025.08,1,10001306,200,93000,1
36025.08,4,10001307,200,92900,1
36025.09,3,10001308,3200,92600,1
36025.09,3,10001309,600,92600,1
36025.11,1,10001310,1600,92600,1
36025.12,1,10001311,500,92000,-1
36025.12,4,10001312,500,92600,-1
36025.13,3,10001313,300,92600,1
36025.13,3,10001314,100,92600,1
36025.13,1,10001315,300,92800,1
36025.14,2,10001316,300,92800,1
36025.14,1,10001317,700,92600,1
36025.14,1,10001318,2000,92600,1
36025.17,1,10001319,100,92500,1
36025.17,1,10001320,5000,92600,1
36025.18,3,10001321,200,92600,1
36025.18,1,10001322,900,92600,-1
36025.18,4,10001323,900,92600,-1
36025.19,3,10001324,700,92600,1
36025.19,3,10001325,300,92600,1
36025.2,1,10001326,1000,92500,1
36025.22,3,10001327,5000,92400,1
36025.22,1,10001328,1000,92600,1
36025.22,1,10001329,200,98600,-1
36025.22,1,10001330,1000,92600,1
36025.23,3,10001331,2100,92600,1
36025.23,1,10001332,300,93400,1
36025.23,4,10001333,300,92900,1
36025.24,1,10001334,300,93000,1
36025.24,4,10001335,200,92900,1
36025.24,4,10001336,100,93000,1
36025.25,3,10001337,100,92600,1
36025.25,1,10001338,1900,92600,1
36025.26,1,10001339,5000,93300,-1
36025.26,1,10001340,1000,92600,1
36025.26,1,10001341,500,92300,1
36025.26,1,10001342,400,92300,-1
36025.26,4,10001343,400,92600,-1
36025.27,1,10001344,100,92700,1
36025.27,1,10001345,100,90400,1
36025.31,1,10001346,600,91400,1
36025.31,1,10001347,200,92600,1
36025.31,1,10001348,700,92800,1
36025.34,1,10001349,4000,93100,1
36025.34,4,10001350,1900,93000,1
36025.34,4,10001351,2100,93100,1
36025.35,1,10001352,5500,92800,-1
36025.35,4,10001353,700,92800,-1
36025.38,3,10001354,5000,92500,1
36025.38,3,10001355,500,92600,1
36025.38,1,10001356,2800,92900,1
36025.38,4,10001357,2800,92800,1
36025.38,3,10001358,700,92600,1
36025.38,1,10001359,700,93200,1
36025.38,4,10001360,700,92800,1
36025.39,1,10001361,100,92800,-1
36025.41,3,10001362,6400,92400,1
36025.42,3,10001363,200,96400,-1
36025.42,3,10001364,800,92600,1
36025.43,3,10001365,1600,92600,1
36025.43,3,10001366,500,92500,1
36025.43,3,10001367,300,92600,1
36025.44,3,10001368,600,92600,1
36025.51,2,10001369,1400,92800,-1
36025.52,1,10001370,500,93000,1
36025.52,3,10001371,300,93000,1
36025.52,2,10001372,200,93000,1
36025.52,1,10001373,12100,92700,1
36025.52,1,10001374,1500,93100,1
36025.52,4,10001375,1500,93100,1
36025.52,1,10001376,700,92800,1
36025.53,2,10001377,700,92800,1
36025.53,1,10001378,800,93200,1
36025.53,4,10001379,800,93100,1
36025.54,1,10001380,200,92800,1
36025.55,2,10001381,200,92800,1
36025.55,1,10001382,300,93000,1
36025.64,1,10001383,4200,93100,1
36025.64,4,10001384,4200,93100,1
36025.67,1,10001385,3200,93300,1
36025.67,4,10001386,3200,93100,1
36025.67,1,10001387,100,93600,-1
36025.81,1,10001388,500,99400,-1
36025.82,3,10001389,300,93000,1
36025.82,1,10001390,3500,93200,1
36025.82,4,10001391,3500,93100,1
36025.83,3,10001392,200,92700,1
36025.83,1,10001393,500,93000,1
36025.85,1,10001394,200,93100,1
36025.85,4,10001395,200,93100,1
36025.85,1,10001396,300,93000,1
36025.86,1,10001397,2100,93300,1
36025.86,4,10001398,2100,93100,1
36025.86,1,10001399,1000,93400,-1
36025.87,3,10001400,200,93000,1
36025.87,1,10001401,300,93000,1
36025.89,3,10001402,300,93000,1
36025.89,3,10001403,200,92600,1
36025.9,1,10001404,6000,92600,1
36025.91,2,10001405,600,93000,1
36025.91,1,10001406,1400,93200,1
36025.91,4,10001407,1400,93100,1
36025.91,1,10001408,5000,92300,1
36025.92,3,10001409,1200,92500,1
36025.95,3,10001410,400,92400,1
36025.96,1,10001411,1000,92600,1
36026.0,3,10001412,700,93400,-1
36026.01,3,10001413,1000,92700,1
36026.01,1,10001414,200,92800,1
36026.03,2,10001415,200,92800,1
36026.04,1,10001416,11300,93900,-1
36026.11,3,10001417,1500,92400,1
36026.17,1,10001418,100,93500,-1
36026.17,1,10001419,500,94100,1
36026.17,4,10001420,500,93100,1
36026.17,1,10001421,300,92800,1
36026.24,1,10001422,800,93800,-1
36026.24,1,10001423,200,96200,-1
36026.24,3,10001424,100,93100,-1
36026.24,1,10001425,2300,92800,1
36026.24,1,10001426,500,92800,1
36026.37,1,10001427,7100,92800,1
36026.4,1,10001428,800,92800,-1
36026.4,4,10001429,800,92800,-1
36026.4,3,10001430,2300,92800,1
36026.4,1,10001431,8300,97000,-1
36026.4,1,10001432,200,93400,1
36026.4,4,10001433,200,93100,1
36026.41,1,10001434,8500,90100,1
36026.42,1,10001435,500,93000,-1
36026.42,1,10001436,1000,92600,1
36026.43,1,10001437,500,92800,-1
36026.43,4,10001438,500,92800,-1
36026.46,3,10001439,1000,92200,1
36026.48,2,10001440,500,93000,-1
36026.49,1,10001441,2000,92800,1
36026.64,1,10001442,200,92800,-1
36026.64,4,10001443,200,92800,-1
36026.65,1,10001444,700,92800,-1
36026.65,4,10001445,700,92800,-1
36026.69,3,10001446,900,92400,1
36026.69,1,10001447,200,92800,1
36026.7,1,10001448,300,92000,-1
36026.7,4,10001449,300,92800,-1
36026.7,1,10001450,400,92400,1
36026.71,1,10001451,2000,93000,-1
36026.81,3,10001452,1100,93400,-1
36026.82,1,10001453,8100,92600,1
36026.82,1,10001454,3500,92500,1
36026.83,1,10001455,100,92700,1
36026.83,1,10001456,6000,89900,1
36026.85,1,10001457,2200,94800,-1
36026.85,1,10001458,1500,93300,1
36026.85,4,10001459,1500,93000,1
36026.85,1,10001460,4000,93000,1
36026.85,4,10001461,500,93000,1
36026.87,1,10001462,8400,93000,1
36026.87,1,10001463,500,80600,1
36026.88,1,10001464,1600,93300,1
36026.88,4,10001465,1600,93100,1
36026.95,3,10001466,100,93100,-1
36026.95,1,10001467,3000,92800,-1
36026.95,4,10001468,3000,93000,-1
36026.97,1,10001469,500,93000,-1
36026.97,4,10001470,500,93000,-1
36026.98,1,10001471,300,92800,-1
36026.98,4,10001472,300,93000,-1
36026.99,1,10001473,400,92600,1
36026.99,1,10001474,200,93000,-1
36026.99,4,10001475,200,93000,-1
36026.99,1,10001476,100,93000,-1
36026.99,4,10001477,100,93000,-1
36027.01,1,10001478,5000,92800,-1
36027.01,4,10001479,5000,93000,-1
36027.02,1,10001480,3800,101500,-1
36027.02,1,10001481,6500,92800,1
36027.03,1,10001482,800,96400,-1
36027.03,1,10001483,1600,91400,1
36027.04,2,10001484,14100,92800,1
36027.04,1,10001485,300,93000,-1
36027.04,4,10001486,300,93000,-1
36027.04,1,10001487,600,93000,-1
36027.04,4,10001488,600,93000,-1
36027.04,1,10001489,600,93000,1
36027.04,1,10001490,500,92800,1
36027.08,1,10001491,100,92800,1
36027.08,1,10001492,900,93100,-1
36027.08,1,10001493,5000,94000,-1
36027.09,1,10001494,2800,92800,-1
36027.09,4,10001495,2500,93000,-1
36027.09,4,10001496,300,92800,-1
36027.1,1,10001497,100,95600,-1
36027.1,1,10001498,100,92400,1
36027.1,1,10001499,400,92800,1
36027.11,3,10001500,1000,98600,-1
36027.11,1,10001501,200,92200,1
36027.13,2,10001502,700,92800,1
36027.13,1,10001503,3300,92700,1
36027.13,1,10001504,500,92300,1
36027.13,1,10001505,8100,92600,-1
36027.13,4,10001506,8100,92700,-1
36027.13,1,10001507,300,93000,1
36027.13,1,10001508,1000,93300,1
36027.13,4,10001509,1000,93100,1
36027.13,1,10001510,2400,92800,1
36027.13,1,10001511,1000,92800,-1
36027.13,4,10001512,300,93000,-1
36027.13,4,10001513,700,92800,-1
36027.14,1,10001514,500,101400,-1
36027.14,1,10001515,200,92800,-1
36027.14,4,10001516,200,92800,-1
36027.14,1,10001517,68700,92800,-1
36027.14,4,10001518,1500,92800,-1
36027.35,3,10001519,500,93300,-1
36027.35,1,10001520,600,92500,1
36027.35,1,10001521,200,92400,-1
36027.35,4,10001522,200,92700,-1
36027.35,1,10001523,300,92400,-1
36027.35,4,10001524,300,92700,-1
36027.36,1,10001525,1100,92500,1
36027.37,1,10001526,5000,92500,1
36027.37,1,10001527,100,93700,-1
36027.37,1,10001528,200,92100,1
36027.37,1,10001529,1000,92500,1
36027.4,1,10001530,12300,96600,-1
36027.45,3,10001531,1000,92500,1
36027.45,1,10001532,29100,92500,1
36027.45,1,10001533,200,92600,-1
36027.45,4,10001534,200,92700,-1
36027.46,3,10001535,100,92600,1
36027.46,1,10001536,16000,92400,-1
36027.46,4,10001537,5600,92700,-1
36027.46,4,10001538,10400,92600,-1
36027.46,1,10001539,300,94900,-1
36027.46,1,10001540,700,92500,1
36027.46,1,10001541,600,87100,1
36027.47,3,10001542,200,92400,1
36027.48,3,10001543,900,92600,1
36027.48,3,10001544,600,92600,1
36027.49,1,10001545,2800,92600,-1
36027.49,4,10001546,2800,92600,-1
36027.5,1,10001547,700,92400,1
36027.5,1,10001548,600,92300,1
36027.5,3,10001549,2500,92600,1
36027.5,1,10001550,11200,92600,-1
36027.5,4,10001551,11200,92600,-1
36027.5,1,10001552,2900,90700,-1
36027.5,4,10001553,2900,92600,-1
36027.5,1,10001554,1000,92200,-1
36027.5,4,10001555,1000,92600,-1
36027.5,1,10001556,300,92400,1
36027.52,1,10001557,10100,92800,1
36027.52,4,10001558,10100,92800,1
36027.53,1,10001559,1200,92900,1
36027.53,4,10001560,1200,92800,1
36027.57,3,10001561,200,92400,1
36027.58,1,10001562,1100,92800,1
36027.58,4,10001563,1100,92800,1
36027.58,1,10001564,3700,92400,-1
36027.58,4,10001565,3700,92600,-1
36027.59,1,10001566,6100,92500,1
36027.59,1,10001567,200,92800,-1
36027.62,3,10001568,8000,93400,-1
36027.62,1,10001569,2000,92500,1
36027.63,1,10001570,1000,102000,-1
36027.64,3,10001571,1300,92600,1
36027.66,3,10001572,18800,92600,1
36027.67,1,10001573,1000,92400,1
36027.67,1,10001574,700,91900,1
36027.68,1,10001575,1500,92500,-1
36027.68,4,10001576,1500,92600,-1
36027.68,1,10001577,3000,92500,1
36027.69,1,10001578,1100,92400,-1
36027.69,4,10001579,1100,92600,-1
36027.77,3,10001580,3400,92500,1
36027.79,1,10001581,4700,92800,-1
36027.79,1,10001582,10000,92500,-1
36027.79,4,10001583,10000,92600,-1
36027.8,1,10001584,500,93600,-1
36027.8,1,10001585,3000,92500,1
36027.81,3,10001586,800,92500,1
36027.81,1,10001587,500,92600,-1
36027.81,4,10001588,500,92600,-1
36027.85,1,10001589,500,92200,1
36027.86,3,10001590,300,92300,1
36027.87,1,10001591,400,91800,1
36027.87,1,10001592,1000,92200,1
36027.88,3,10001593,1800,92600,1
36027.88,1,10001594,3200,92300,-1
36027.88,4,10001595,3200,92600,-1
36027.89,1,10001596,400,93700,-1
36027.9,3,10001597,500,91900,1
36027.9,1,10001598,10000,92100,-1
36027.9,4,10001599,10000,92600,-1
36027.92,1,10001600,3100,92800,1
36027.92,4,10001601,3100,92800,1
36027.92,3,10001602,6400,92800,-1
36027.95,2,10001603,200,93500,-1
36027.95,3,10001604,3000,92800,-1
36027.95,3,10001605,3000,92600,1
36027.95,1,10001606,600,92800,-1
36027.98,1,10001607,4000,93100,1
36027.98,4,10001608,4000,92800,1
36027.98,1,10001609,500,92800,-1
36027.99,1,10001610,2000,94600,-1
36028.01,3,10001611,600,92600,1
36028.02,1,10001612,100,92800,-1
36028.07,1,10001613,300,92000,-1
36028.07,4,10001614,300,92600,-1
36028.09,3,10001615,900,92600,1
36028.1,1,10001616,1000,92200,1
36028.1,1,10001617,24700,92400,1
36028.16,1,10001618,3300,89400,1
36028.27,3,10001619,10000,90700,1
36028.31,3,10001620,1100,92600,1
36028.31,1,10001621,15200,92500,1
36028.32,1,10001622,100,97700,-1
36028.35,1,10001623,1000,101000,-1
36028.54,1,10001624,1000,92600,-1
36028.54,4,10001625,1000,92600,-1
36028.54,1,10001626,400,92500,1
36028.55,3,10001627,1200,92400,1
36028.55,1,10001628,2000,96400,-1
36028.55,1,10001629,900,93900,1
36028.55,4,10001630,900,92800,1
36028.57,3,10001631,1300,92400,1
36028.8,3,10001632,500,92200,1
36028.8,1,10001633,6500,92900,-1
36028.82,1,10001634,100,91800,1
36028.82,1,10001635,3000,92500,1
36028.84,1,10001636,2300,92400,1
36028.84,1,10001637,400,92600,1
36028.84,1,10001638,600,92500,1
36028.85,1,10001639,300,93900,1
36028.85,4,10001640,300,92800,1
36028.86,1,10001641,2700,96800,-1
36028.89,1,10001642,600,92600,1
36028.89,1,10001643,4400,92400,1
36028.9,1,10001644,200,92900,-1
36028.9,1,10001645,300,90400,-1
36028.9,4,10001646,300,92600,-1
36029.15,1,10001647,6000,92600,1
36029.16,3,10001648,900,92200,1
36029.16,1,10001649,3500,92800,1
36029.16,4,10001650,3500,92800,1
36029.17,1,10001651,2300,92800,1
36029.17,4,10001652,2300,92800,1
36029.18,1,10001653,300,100800,-1
36029.21,1,10001654,300,92900,-1
36029.22,1,10001655,1000,92500,-1
36029.22,4,10001656,1000,92600,-1
36029.23,1,10001657,600,92300,1
36029.27,1,10001658,1200,91800,1
36029.28,1,10001659,200,92600,1
36029.29,1,10001660,1500,92800,-1
36029.31,1,10001661,300,92800,1
36029.31,4,10001662,300,92800,1
36029.46,3,10001663,2000,99000,-1
36029.54,1,10001664,1000,92500,1
36029.55,1,10001665,1300,92200,1
36029.62,1,10001666,200,92600,1
36029.71,1,10001667,100,93300,-1
36029.72,3,10001668,5000,92800,-1
36029.72,1,10001669,900,92600,1
36029.86,3,10001670,900,92800,-1
36029.87,1,10001671,10300,92900,-1
36030.13,1,10001672,2000,92600,1
36030.26,1,10001673,100,92800,-1
36030.29,1,10001674,100,87100,1
36030.41,1,10001675,1000,92600,1
36030.42,1,10001676,300,91700,-1
36030.42,4,10001677,300,92600,-1
36030.42,3,10001678,200,92800,-1
36030.47,3,10001679,1500,93100,-1
36030.53,1,10001680,2300,92600,1
36030.68,3,10001681,2100,92800,-1
36030.69,1,10001682,1600,92800,-1
36030.71,1,10001683,1000,93300,-1
36030.78,1,10001684,9100,92400,-1
36030.78,4,10001685,9100,92600,-1
36031.0,3,10001686,500,92200,1
36031.02,1,10001687,1900,95700,-1
36031.07,3,10001688,300,92100,1
36031.1,1,10001689,4000,92800,1
36031.1,4,10001690,4000,92800,1
36031.12,1,10001691,2400,92800,-1
36031.18,1,10001692,22800,92600,1
36031.19,1,10001693,600,92600,1
36031.28,3,10001694,200,94200,-1
36031.29,1,10001695,500,92500,1
36031.31,1,10001696,2000,92800,-1
36031.31,1,10001697,900,92600,1
36031.39,3,10001698,2500,94600,-1
36031.39,1,10001699,1600,95900,-1
36031.39,1,10001700,400,92800,-1
36031.47,1,10001701,600,92800,1
36031.47,4,10001702,600,92800,1
36031.48,1,10001703,4900,92600,1
36031.6,1,10001704,1100,92500,1
36031.65,1,10001705,1000,102100,-1
36031.66,1,10001706,300,92500,-1
36031.66,4,10001707,300,92600,-1
36031.99,1,10001708,1700,92600,-1
36031.99,4,10001709,1700,92600,-1
36032.21,1,10001710,5000,92600,1
36032.3,1,10001711,400,92900,-1
36032.3,1,10001712,1100,92600,1
36032.3,1,10001713,300,92600,1
36032.31,1,10001714,1000,92600,1
36032.32,1,10001715,3000,92600,1
36032.36,1,10001716,3000,92800,-1
36032.38,1,10001717,2300,91500,1
36032.41,1,10001718,600,92600,1
36032.45,1,10001719,1100,93200,-1
36032.56,1,10001720,5000,92600,1
36032.63,3,10001721,2000,92600,1
36032.67,1,10001722,1100,92600,-1
36032.67,4,10001723,1100,92600,-1
36032.75,1,10001724,1500,92000,1
36032.75,1,10001725,700,92600,-1
36032.75,4,10001726,700,92600,-1
36032.76,1,10001727,100,92600,-1
36032.76,4,10001728,100,92600,-1
36032.78,3,10001729,700,92900,-1
36032.78,1,10001730,3000,91900,1
36032.78,3,10001731,800,92900,-1
36032.83,1,10001732,100,93300,-1
36032.84,3,10001733,200,96200,-1
36032.86,1,10001734,10400,92300,-1
36032.86,4,10001735,10400,92600,-1
36032.96,1,10001736,4800,92900,-1
36033.06,1,10001737,2100,92900,-1
36033.06,3,10001738,300,92900,-1
36033.07,1,10001739,1000,92600,-1
36033.07,4,10001740,1000,92600,-1
36033.14,3,10001741,600,91900,1
36033.21,1,10001742,7000,102700,-1
36033.23,3,10001743,600,92900,-1
36033.3,1,10001744,500,92800,-1
36033.37,3,10001745,500,92000,1
36033.47,1,10001746,100,91900,1
36033.48,1,10001747,2000,92600,1
36033.61,3,10001748,200,93700,-1
36033.7,1,10001749,500,91900,1
36033.74,1,10001750,5000,92300,1
36033.81,3,10001751,500,92600,1
36033.98,3,10001752,800,92000,1
36034.7,1,10001753,1400,92800,-1
36034.72,1,10001754,100,92600,1
36034.9,1,10001755,3000,92900,-1
36034.92,1,10001756,500,92800,1
36034.92,4,10001757,500,92800,1
36034.92,1,10001758,1400,92600,1
36035.43,1,10001759,1000,92600,-1
36035.43,4,10001760,1000,92600,-1
36035.44,3,10001761,100,92800,-1
36035.65,1,10001762,500,90200,1
36035.78,1,10001763,2400,92400,1
36035.78,1,10001764,1000,92600,-1
36035.78,4,10001765,1000,92600,-1
36035.84,3,10001766,500,92800,-1
36035.85,1,10001767,5000,92800,1
36035.85,4,10001768,5000,92800,1
36035.96,2,10001769,1200,91700,1
36036.03,1,10001770,1100,92800,-1
36036.33,1,10001771,5000,92600,1
36036.34,1,10001772,1700,92500,1
36036.35,1,10001773,200,92600,1
36036.47,1,10001774,4600,93300,-1
36036.49,1,10001775,2900,92800,-1
36036.58,3,10001776,1000,92800,-1
36036.83,3,10001777,1000,92900,-1
36036.87,1,10001778,300,92600,1
36037.47,1,10001779,1200,92500,-1
36037.47,4,10001780,1200,92600,-1
36037.48,1,10001781,300,92800,-1
36037.64,1,10001782,1000,92500,-1
36037.64,4,10001783,1000,92600,-1
36037.64,1,10001784,600,92500,1
36037.65,3,10001785,2000,92500,1
36037.7,1,10001786,100,90900,-1
36037.7,4,10001787,100,92600,-1
36037.71,3,10001788,3000,92800,-1
36037.71,3,10001789,800,92800,-1
36037.71,3,10001790,800,92800,-1
36037.71,3,10001791,600,92800,-1
36037.71,1,10001792,3300,94900,-1
36037.71,3,10001793,300,92800,-1
36037.71,3,10001794,100,92800,-1
36038.03,3,10001795,1800,92500,1
36038.04,3,10001796,400,92800,-1
36038.05,1,10001797,1000,92600,-1
36038.05,4,10001798,1000,92600,-1
36038.05,1,10001799,600,92900,1
36038.05,4,10001800,600,92800,1
36038.12,1,10001801,2400,92500,1
36038.12,1,10001802,200,92400,1
36038.13,1,10001803,2500,92800,-1
36038.14,1,10001804,500,93800,-1
36038.16,1,10001805,30000,92500,1
36038.16,1,10001806,500,90900,1
36038.17,1,10001807,1700,88800,1
36038.17,1,10001808,100,82600,1
36038.17,1,10001809,1000,92200,1
36038.18,1,10001810,3200,92800,-1
36038.19,1,10001811,1900,93500,-1
36038.23,1,10001812,2600,90200,1
36038.26,1,10001813,500,93300,-1
36038.27,1,10001814,20000,91900,1
36038.52,1,10001815,1100,92800,-1
36038.58,1,10001816,400,92800,-1
36038.59,3,10001817,2000,96600,-1
36038.59,1,10001818,18000,96000,-1
36038.61,1,10001819,100,99100,-1
36038.64,1,10001820,1100,92400,-1
36038.64,4,10001821,1100,92600,-1
36038.77,3,10001822,1600,92600,1
36038.77,1,10001823,100,93100,1
36038.77,4,10001824,100,92800,1
36038.84,1,10001825,700,92900,1
36038.84,4,10001826,700,92800,1
36038.85,1,10001827,34400,92400,-1
36038.85,4,10001828,34400,92600,-1
36038.85,1,10001829,1100,93100,1
36038.85,4,10001830,1100,92800,1
36038.95,1,10001831,3500,92200,1
36039.0,1,10001832,600,94400,-1
36039.0,1,10001833,100,92900,-1
36039.03,1,10001834,5000,92800,-1
36039.06,3,10001835,800,92500,1
36039.18,3,10001836,200,94100,-1
36039.18,1,10001837,2500,90700,1
36039.2,1,10001838,1000,93100,1
36039.2,4,10001839,1000,92800,1
36039.21,1,10001840,100,93700,1
36039.21,4,10001841,100,92800,1
36039.25,1,10001842,2000,91900,1
36039.25,1,10001843,1100,93100,1
36039.25,4,10001844,1100,92800,1
36039.26,1,10001845,1100,91900,-1
36039.26,4,10001846,1100,92600,-1
36039.27,1,10001847,1900,92800,1
36039.27,4,10001848,1900,92800,1
36039.28,3,10001849,200,91200,1
36039.28,1,10001850,700,92900,-1
36039.33,1,10001851,500,93000,-1
36039.36,1,10001852,5700,92600,1
36039.39,1,10001853,1000,92200,1
36039.41,3,10001854,2800,92600,1
36039.42,1,10001855,3100,92600,-1
36039.42,4,10001856,3100,92600,-1
36039.43,1,10001857,500,92800,1
36039.43,4,10001858,500,92800,1
36039.44,1,10001859,500,91900,1
36039.55,1,10001860,3800,92900,-1
36039.61,1,10001861,100000,100600,-1
36039.82,1,10001862,200,92600,-1
36039.82,4,10001863,200,92600,-1
36039.83,1,10001864,100,91700,1
36039.85,1,10001865,5000,95200,-1
36039.87,1,10001866,1000,93500,-1
36039.93,1,10001867,300,92900,1
36039.93,4,10001868,300,92800,1
36039.94,1,10001869,100,92900,1
36039.94,4,10001870,100,92800,1
36039.95,1,10001871,700,93100,1
36039.95,4,10001872,700,92800,1
36039.96,1,10001873,10000,93100,-1
36039.96,3,10001874,1200,92800,-1
36039.98,1,10001875,1600,92900,1
36039.98,4,10001876,1600,92800,1
36039.99,1,10001877,300,92900,-1
36039.99,1,10001878,200,92900,-1
36039.99,3,10001879,500,94900,-1
36040.0,1,10001880,3200,92400,-1
36040.0,4,10001881,3200,92600,-1
36040.0,1,10001882,8300,92900,1
36040.0,4,10001883,8300,92800,1
36040.0,1,10001884,2000,92900,1
36040.0,4,10001885,2000,92800,1
36040.01,1,10001886,100,92800,1
36040.01,4,10001887,100,92800,1
36040.01,1,10001888,300,92600,-1
36040.01,4,10001889,300,92600,-1
36040.01,3,10001890,100,92200,1
36040.01,1,10001891,5000,92600,-1
36040.01,4,10001892,5000,92600,-1
36040.28,1,10001893,400,92600,-1
36040.28,4,10001894,400,92600,-1
36040.28,1,10001895,1600,92600,-1
36040.28,4,10001896,1600,92600,-1
36040.32,1,10001897,500,93600,-1
36040.32,1,10001898,300,93100,1
36040.32,4,10001899,300,92800,1
36040.32,1,10001900,1400,92600,-1
36040.32,4,10001901,1400,92600,-1
36040.33,1,10001902,900,92900,1
36040.33,4,10001903,900,92800,1
36040.34,1,10001904,3000,93200,-1
36040.34,1,10001905,3300,92400,1
36040.35,1,10001906,1000,92900,-1
36040.36,1,10001907,700,92600,1
36040.36,1,10001908,700,94900,-1
36040.36,1,10001909,3800,92900,-1
36040.37,1,10001910,100,92900,-1
36040.37,1,10001911,100,92800,-1
36040.37,1,10001912,134800,92200,-1
36040.37,4,10001913,134800,92600,-1
36040.37,1,10001914,3300,93200,-1
36040.37,1,10001915,1000,92800,-1
36040.45,1,10001916,700,92600,-1
36040.45,4,10001917,700,92600,-1
36040.45,1,10001918,4000,93000,1
36040.45,4,10001919,4000,92800,1
36040.45,1,10001920,3000,92900,-1
36040.45,1,10001921,1700,93300,1
36040.45,4,10001922,1700,92800,1
36040.45,1,10001923,10000,93200,1
36040.45,4,10001924,10000,92800,1
36040.46,3,10001925,2600,92600,1
36040.57,1,10001926,100,92800,-1
36040.59,1,10001927,800,93000,1
36040.59,4,10001928,800,92800,1
36040.67,1,10001929,5000,92800,1
36040.67,4,10001930,2700,92800,1
36040.68,1,10001931,4400,92600,-1
36040.68,4,10001932,2300,92800,-1
36040.68,4,10001933,2100,92600,-1
36040.69,1,10001934,400,92600,-1
36040.69,4,10001935,400,92600,-1
36040.7,1,10001936,100,94600,-1
36040.72,1,10001937,2000,93000,-1
36040.72,1,10001938,100,93100,1
36040.72,4,10001939,100,92900,1
36040.87,1,10001940,5000,92800,-1
36040.93,1,10001941,500,100000,-1
36040.93,1,10001942,500,92400,1
36040.93,1,10001943,500,92200,1
36040.94,1,10001944,500,91400,1
36040.99,1,10001945,1500,92400,1
36040.99,1,10001946,11300,92900,1
36040.99,4,10001947,5000,92800,1
36040.99,4,10001948,6300,92900,1
36041.01,1,10001949,1000,99600,-1
36041.04,1,10001950,200,93000,1
36041.04,4,10001951,200,92900,1
36041.08,1,10001952,800,92800,1
36041.09,1,10001953,700,92500,1
36041.1,1,10001954,3700,93000,1
36041.1,4,10001955,3700,92900,1
36041.13,1,10001956,100,92600,-1
36041.13,4,10001957,100,92800,-1
36041.25,3,10001958,800,93100,-1
36041.26,1,10001959,2000,93000,1
36041.26,4,10001960,2000,92900,1
36041.28,1,10001961,1400,92600,1
36041.28,1,10001962,2500,92200,1
36041.35,1,10001963,600,93100,-1
36041.35,1,10001964,5000,93200,-1
36041.35,1,10001965,1000,93400,-1
36041.4,1,10001966,200,93000,-1
36041.48,1,10001967,1200,99400,-1
36041.5,1,10001968,1100,92600,-1
36041.5,4,10001969,700,92800,-1
36041.5,4,10001970,400,92600,-1
36041.5,1,10001971,1800,92600,-1
36041.5,4,10001972,1800,92600,-1
36041.5,1,10001973,17800,92600,-1
36041.5,4,10001974,17800,92600,-1
36041.5,1,10001975,900,92600,-1
36041.5,4,10001976,900,92600,-1
36041.5,1,10001977,50000,93000,1
36041.5,4,10001978,24900,92900,1
36041.5,4,10001979,2700,93000,1
36041.5,1,10001980,300,92800,-1
36041.5,4,10001981,300,93000,-1
36041.51,1,10001982,1200,93200,1
36041.51,4,10001983,1200,93100,1
36041.51,1,10001984,1000,94100,-1
36041.53,3,10001985,2100,94800,-1
36041.71,1,10001986,300,93400,-1
36041.71,1,10001987,8400,93200,1
36041.71,4,10001988,8400,93100,1
36041.71,1,10001989,6300,93400,-1
36041.74,3,10001990,900,96000,-1
36041.76,1,10001991,3000,93000,-1
36041.76,4,10001992,3000,93000,-1
36041.78,1,10001993,2500,93800,-1
36041.78,3,10001994,800,93200,-1
36041.84,1,10001995,200,92600,1
36041.87,3,10001996,900,91500,1
36042.04,1,10001997,7900,95200,-1
36042.08,1,10001998,600,93100,-1
36042.14,1,10001999,7700,93600,1
36042.14,4,10002000,4400,93100,1
36042.14,4,10002001,3300,93200,1
36042.17,1,10002002,1200,97000,-1
36042.19,1,10002003,20000,93300,1
36042.19,4,10002004,14400,93200,1
36042.19,4,10002005,5600,93300,1
36042.22,3,10002006,3700,94000,-1
36042.22,1,10002007,900,93100,1
36042.23,1,10002008,1000,93400,-1
36042.26,1,10002009,3000,93300,-1
36042.29,1,10002010,3000,93600,-1
36042.44,1,10002011,500,93400,1
36042.44,4,10002012,500,93300,1
36042.45,1,10002013,200,93000,1
36042.46,1,10002014,500,92900,1
36042.47,1,10002015,500,93000,1
36042.47,1,10002016,5300,94700,-1
36042.49,1,10002017,200,92800,1
36042.51,3,10002018,1200,94900,-1
36042.53,1,10002019,6100,90600,-1
36042.53,4,10002020,900,93100,-1
36042.53,4,10002021,5200,93000,-1
36042.54,1,10002022,5000,93300,1
36042.54,4,10002023,5000,93300,1
36042.55,1,10002024,500,91300,1
36042.55,1,10002025,300,93300,1
36042.55,4,10002026,300,93300,1
36042.56,1,10002027,3200,93600,-1
36042.57,3,10002028,100,93400,-1
36042.6,1,10002029,100,93600,-1
36042.62,1,10002030,1100,94600,-1
36042.64,2,10002031,14500,92200,1
36042.65,1,10002032,2700,93000,1
36042.65,1,10002033,1900,93400,1
36042.65,4,10002034,1900,93300,1
36042.73,1,10002035,2600,93400,-1
36042.74,1,10002036,100,93100,-1
36042.76,1,10002037,50000,93100,-1
36042.77,1,10002038,5000,93400,-1
36042.77,1,10002039,80000,94100,1
36042.77,4,10002040,50100,93100,1
36042.77,4,10002041,7200,93300,1
36042.77,4,10002042,22700,93400,1
36042.78,1,10002043,2800,93400,1
36042.78,4,10002044,2800,93400,1
36042.81,1,10002045,200,93400,1
36042.81,4,10002046,200,93400,1
36042.82,3,10002047,4100,93400,-1
36042.85,1,10002048,1800,106400,-1
36042.87,1,10002049,100,93900,-1
36042.88,1,10002050,200,92900,1
36042.88,1,10002051,3000,93100,-1
36042.89,3,10002052,400,93000,1
36042.97,1,10002053,9500,93300,1
36042.97,4,10002054,3000,93100,1
36043.0,3,10002055,6600,91200,1
36043.04,1,10002056,300,93900,-1
36043.04,1,10002057,600,93300,1
36043.07,1,10002058,2000,93400,1
36043.07,4,10002059,2000,93400,1
36043.08,2,10002060,4400,91000,1
36043.08,1,10002061,100,93900,-1
36043.09,2,10002062,200,92800,1
36043.1,2,10002063,800,97200,-1
36043.12,1,10002064,1100,93600,1
36043.12,4,10002065,1100,93400,1
36043.13,1,10002066,80600,93600,-1
36043.14,1,10002067,500,93600,-1
36043.14,1,10002068,1200,93300,1
36043.14,1,10002069,25500,93200,1
36043.16,1,10002070,500,97800,-1
36043.19,1,10002071,10300,93200,1
36043.19,1,10002072,900,93300,1
36043.2,1,10002073,800,93400,1
36043.2,4,10002074,800,93400,1
36043.21,1,10002075,1700,95700,-1
36043.21,1,10002076,800,93600,-1
36043.23,2,10002077,9200,93300,1
36043.23,1,10002078,300,92900,-1
36043.23,4,10002079,300,93200,-1
36043.27,1,10002080,100,93400,-1
36043.3,1,10002081,12800,93500,-1
36043.3,1,10002082,200,97900,-1
36043.37,1,10002083,100,93400,-1
36043.37,3,10002084,600,90800,1
36043.37,1,10002085,1800,93200,1
36043.38,1,10002086,1000,93200,1
36043.39,1,10002087,500,93500,1
36043.39,4,10002088,500,93400,1
36043.41,1,10002089,5600,93500,-1
36043.46,1,10002090,900,93000,1
36043.46,1,10002091,100,93500,1
36043.46,4,10002092,100,93400,1
36043.48,3,10002093,5000,92400,1
36043.49,1,10002094,2700,93500,1
36043.49,4,10002095,2700,93400,1
36043.53,1,10002096,600,93400,-1
36043.57,1,10002097,1100,92400,1
36043.58,1,10002098,500,91500,-1
36043.58,4,10002099,500,93200,-1
36043.64,1,10002100,100,93400,1
36043.64,4,10002101,100,93400,1
36043.66,1,10002102,6200,93200,1
36043.67,1,10002103,400,93200,-1
36043.67,4,10002104,400,93200,-1
36043.75,1,10002105,5000,94000,-1
36043.76,1,10002106,200,93100,1
36043.79,1,10002107,4900,93400,1
36043.79,4,10002108,4900,93400,1
36043.79,1,10002109,300,94100,-1
36043.8,1,10002110,1000,96100,-1
36043.82,3,10002111,3000,93000,1
36043.82,1,10002112,200,93200,-1
36043.82,4,10002113,200,93200,-1
36043.83,1,10002114,100,93500,1
36043.83,4,10002115,100,93400,1
36043.84,1,10002116,300,93400,1
36043.84,4,10002117,300,93400,1
36043.86,1,10002118,1400,93400,1
36043.86,4,10002119,1400,93400,1
36043.86,1,10002120,1300,93700,-1
36043.86,1,10002121,300,93400,1
36043.86,4,10002122,300,93400,1
36043.87,1,10002123,2900,93100,1
36043.88,1,10002124,5000,93400,-1
36043.9,1,10002125,3100,93200,-1
36043.9,4,10002126,3100,93200,-1
36043.93,2,10002127,700,92900,1
36043.93,1,10002128,2000,99400,-1
36043.96,1,10002129,300,97400,-1
36043.97,1,10002130,200,93400,1
36043.97,4,10002131,200,93400,1
36043.97,1,10002132,1300,93400,-1
36044.03,1,10002133,100,97700,-1
36044.03,1,10002134,1000,93500,1
36044.03,4,10002135,1000,93400,1
36044.04,1,10002136,100,92300,-1
36044.04,4,10002137,100,93200,-1
36044.05,1,10002138,200,93200,1
36044.05,1,10002139,500,92600,1
36044.11,3,10002140,600,93700,-1
36044.12,1,10002141,200,93500,1
36044.12,4,10002142,200,93400,1
36044.21,1,10002143,2800,93400,1
36044.21,4,10002144,2800,93400,1
36044.24,3,10002145,300,91400,1
36044.26,1,10002146,200,94200,-1
36044.3,1,10002147,1000,92900,1
36044.3,1,10002148,3000,92900,1
36044.3,1,10002149,1200,93700,1
36044.3,4,10002150,1200,93400,1
36044.3,1,10002151,5500,93500,1
36044.3,4,10002152,5500,93400,1
36044.3,1,10002153,5600,93500,1
36044.3,4,10002154,5600,93400,1
36044.4,1,10002155,3500,92900,1
36044.42,1,10002156,2000,91400,1
36044.45,3,10002157,1000,93600,-1
36044.45,3,10002158,1000,93200,1
36044.46,3,10002159,700,93100,1
36044.46,1,10002160,7000,93500,1
36044.46,4,10002161,7000,93400,1
36044.5,1,10002162,1500,92900,1
36044.5,1,10002163,1300,93500,1
36044.5,4,10002164,1300,93400,1
36044.53,1,10002165,3700,93500,-1
36044.56,1,10002166,1000,93500,1
36044.56,4,10002167,1000,93400,1
36044.6,1,10002168,210000,93500,-1
36044.61,1,10002169,3000,93700,-1
36044.73,3,10002170,200,92900,1
36044.79,1,10002171,400,93400,-1
36044.83,1,10002172,600,93400,-1
36045.06,3,10002173,4500,93200,1
36045.06,1,10002174,700,93900,-1
36045.07,3,10002175,1000,92500,1
36045.07,1,10002176,1000,93500,1
36045.07,4,10002177,1000,93400,1
36045.08,1,10002178,2000,93600,1
36045.08,4,10002179,2000,93400,1
36045.1,1,10002180,100,92900,1
36045.15,3,10002181,200,93500,-1
36045.15,1,10002182,600,93600,-1
36045.15,3,10002183,3600,93000,1
36045.15,1,10002184,4000,93500,1
36045.15,4,10002185,4000,93400,1
36045.15,1,10002186,1800,93500,1
36045.15,4,10002187,1800,93400,1
36045.35,1,10002188,1000,93400,-1
36045.35,1,10002189,300,93400,1
36045.35,4,10002190,300,93400,1
36045.36,1,10002191,100,93400,1
36045.36,4,10002192,100,93400,1
36045.38,1,10002193,6100,93400,1
36045.38,4,10002194,6100,93400,1
36045.41,1,10002195,800,93400,1
36045.41,4,10002196,800,93400,1
36045.42,1,10002197,2000,93500,-1
36045.45,1,10002198,100,93500,1
36045.45,4,10002199,100,93400,1
36045.45,1,10002200,700,93500,1
36045.45,4,10002201,700,93400,1
36045.45,1,10002202,2000,93400,-1
36045.46,1,10002203,500,93500,1
36045.46,4,10002204,500,93400,1
36045.58,1,10002205,900,94900,1
36045.58,4,10002206,900,93400,1
36045.58,1,10002207,11100,95000,-1
36045.62,1,10002208,200,93000,-1
36045.62,4,10002209,200,93200,-1
36045.64,1,10002210,14400,93400,1
36045.64,4,10002211,14400,93400,1
36045.64,1,10002212,1200,93500,1
36045.64,4,10002213,1200,93400,1
36045.64,1,10002214,17000,93500,1
36045.64,4,10002215,17000,93400,1
36045.68,3,10002216,300,93700,-1
36045.7,3,10002217,400,92000,1
36045.74,1,10002218,2600,93500,-1
36045.75,1,10002219,200,93400,-1
36045.76,1,10002220,3000,93500,1
36045.76,4,10002221,3000,93400,1
36045.9,1,10002222,400,93500,-1
36045.9,1,10002223,3300,99800,-1
36045.96,1,10002224,10300,92300,1
36046.07,3,10002225,2000,93200,1
36046.11,1,10002226,1000,93400,1
36046.11,4,10002227,1000,93400,1
36046.11,1,10002228,2500,93500,1
36046.11,4,10002229,2500,93400,1
36046.13,1,10002230,2200,93400,1
36046.13,4,10002231,600,93400,1
36046.14,3,10002232,100,93100,1
36046.16,3,10002233,1000,93600,-1
36046.28,1,10002234,2100,93500,-1
36046.85,1,10002235,16600,93300,-1
36046.85,4,10002236,1600,93400,-1
36047.17,1,10002237,100,93400,-1
36047.18,1,10002238,1000,93300,-1
36047.18,1,10002239,400,92800,1
36047.18,3,10002240,4800,93300,-1
36047.18,3,10002241,5000,93300,-1
36047.19,2,10002242,400,92800,1
36047.2,1,10002243,1600,93100,-1
36047.2,4,10002244,1600,93200,-1
36047.21,1,10002245,10400,93100,-1
36047.21,4,10002246,10400,93200,-1
36047.22,1,10002247,7000,98100,-1
36047.22,1,10002248,4200,94300,-1
36047.23,3,10002249,3900,93500,-1
36047.38,1,10002250,700,93300,-1
36047.45,3,10002251,600,93300,-1
36047.46,1,10002252,2000,93300,-1
36047.48,1,10002253,400,93400,-1
36047.49,3,10002254,2000,93300,-1
36047.49,1,10002255,200,93300,1
36047.49,4,10002256,200,93300,1
36047.63,1,10002257,1000,93600,-1
36047.67,1,10002258,700,94000,1
36047.67,4,10002259,700,93300,1
36047.73,1,10002260,6000,92200,1
36047.82,3,10002261,1400,93100,1
36047.84,1,10002262,20000,93400,1
36047.84,4,10002263,5400,93300,1
36047.84,4,10002264,500,93400,1
36047.93,3,10002265,20200,93200,1
36047.96,1,10002266,700,93300,-1
36047.96,4,10002267,700,93400,-1
36047.98,1,10002268,300,93500,1
36047.98,4,10002269,300,93500,1
36048.09,3,10002270,400,93500,-1
36048.09,1,10002271,3700,93600,1
36048.09,4,10002272,3700,93500,1
36048.1,1,10002273,6000,93100,-1
36048.1,4,10002274,6000,93400,-1
36048.11,2,10002275,9000,94800,-1
36048.16,1,10002276,700,92600,1
36048.61,1,10002277,4200,93600,-1
36049.04,1,10002278,200,94600,-1
36049.09,1,10002279,2700,93300,1
36049.11,1,10002280,30000,93300,-1
36049.11,4,10002281,7400,93400,-1
36049.11,4,10002282,2700,93300,-1
36049.12,1,10002283,600,93300,1
36049.12,4,10002284,600,93300,1
36049.14,1,10002285,500,93300,-1
36049.16,1,10002286,100,93300,-1
36049.21,1,10002287,1900,92200,1
36049.24,1,10002288,1500,93300,-1
36049.26,3,10002289,800,97000,-1
36049.29,1,10002290,400,93400,1
36049.29,4,10002291,400,93300,1
36049.35,1,10002292,3000,93300,1
36049.35,4,10002293,3000,93300,1
36049.37,1,10002294,100,93400,-1
36049.38,1,10002295,1000,93300,1
36049.38,4,10002296,1000,93300,1
36049.48,1,10002297,20000,93300,1
36049.48,4,10002298,17000,93300,1
36049.51,1,10002299,21500,93200,1
36049.59,1,10002300,1600,93300,-1
36049.59,4,10002301,1600,93300,-1
36049.59,1,10002302,100,93300,-1
36049.59,4,10002303,100,93300,-1
36049.63,1,10002304,8000,93400,-1
36049.65,1,10002305,2300,93400,1
36049.65,4,10002306,2300,93400,1
36049.81,3,10002307,100,93300,1
36049.9,3,10002308,1600,93200,1
36049.91,1,10002309,100,93400,-1
36050.08,1,10002310,300,94200,-1
36050.12,1,10002311,1600,93100,-1
36050.12,4,10002312,1200,93300,-1
36050.12,4,10002313,400,93200,-1
36050.17,3,10002314,500,93100,1
36050.24,3,10002315,200,93700,-1
36050.3,1,10002316,100,93900,-1
36050.33,1,10002317,2000,93200,1
36050.35,1,10002318,10000,93500,1
36050.35,4,10002319,5900,93400,1
36050.35,4,10002320,4100,93500,1
36050.35,1,10002321,300,93400,1
36050.36,1,10002322,400,93200,-1
36050.36,4,10002323,300,93400,-1
36050.36,4,10002324,100,93200,-1
36050.39,1,10002325,2500,93400,1
36050.64,1,10002326,1000,93600,-1
36050.64,1,10002327,600,93300,-1
36050.64,4,10002328,600,93400,-1
36050.69,1,10002329,4300,93600,-1
36050.72,3,10002330,400,93100,1
36050.74,1,10002331,1000,92800,1
36050.75,1,10002332,1000,93500,1
36050.75,4,10002333,1000,93500,1
36050.77,1,10002334,3000,93600,1
36050.77,4,10002335,3000,93500,1
36050.78,3,10002336,12100,93900,-1
36050.8,1,10002337,400,93500,1
36050.8,4,10002338,400,93500,1
36050.81,1,10002339,1100,93300,-1
36050.81,4,10002340,1100,93400,-1
36051.03,1,10002341,4500,93300,1
36051.04,1,10002342,200,93300,1
36051.05,1,10002343,1500,93900,-1
36051.1,1,10002344,1400,93500,1
36051.1,4,10002345,1400,93500,1
36051.14,1,10002346,100,93500,1
36051.14,4,10002347,100,93500,1
36051.16,1,10002348,800,93500,-1
36051.17,1,10002349,500,93500,1
36051.17,4,10002350,500,93500,1
36051.26,1,10002351,300,94000,-1
36051.29,1,10002352,600,93600,-1
36051.54,1,10002353,100,93100,1
36051.54,1,10002354,300,93500,1
36051.54,4,10002355,300,93500,1
36051.58,1,10002356,3000,93600,-1
36051.62,1,10002357,2100,93600,-1
36051.64,1,10002358,500,93600,-1
36051.7,1,10002359,300,92100,1
36051.73,1,10002360,5000,93000,1
36051.86,3,10002361,800,100400,-1
36051.9,1,10002362,1100,93000,1
36051.97,1,10002363,100,93300,1
36052.01,1,10002364,500,93600,-1
36052.04,1,10002365,1500,93500,-1
36052.12,1,10002366,3500,93500,-1
36052.13,3,10002367,2500,92100,1
36052.14,1,10002368,2100,93300,1
36052.16,3,10002369,10400,93600,-1
36052.22,1,10002370,30000,94300,-1
36052.22,1,10002371,6400,93300,1
36052.27,3,10002372,400,95100,-1
36052.27,1,10002373,200,92900,1
36052.28,1,10002374,5000,92900,1
36052.37,3,10002375,1300,93600,-1
36052.38,1,10002376,2000,93700,-1
36052.4,1,10002377,1000,93000,1
36052.4,1,10002378,500,93200,-1
36052.4,4,10002379,500,93400,-1
36052.4,1,10002380,100,92600,1
36052.45,3,10002381,2000,92900,1
36052.45,3,10002382,500,93700,-1
36052.45,1,10002383,5000,92100,1
36052.47,3,10002384,1000,98600,-1
36052.49,1,10002385,100,95900,-1
36052.52,3,10002386,500,92900,1
36052.64,1,10002387,2000,93600,-1
36052.64,1,10002388,1000,93500,1
36052.64,4,10002389,1000,93500,1
36052.64,1,10002390,1100,93500,1
36052.64,4,10002391,1100,93500,1
36052.71,1,10002392,2000,91000,1
36052.74,1,10002393,900,93800,-1
36052.75,1,10002394,1000,90600,-1
36052.75,4,10002395,300,93400,-1
36052.75,4,10002396,700,93300,-1
36052.76,1,10002397,300,93500,1
36052.76,4,10002398,300,93500,1
36052.77,3,10002399,400,92800,1
36052.78,3,10002400,10000,93700,-1
36052.8,1,10002401,3000,93300,-1
36052.8,4,10002402,3000,93300,-1
36052.81,2,10002403,100,93100,1
36052.84,1,10002404,300,94200,-1
36052.85,1,10002405,1500,94000,-1
36052.87,3,10002406,1600,93600,-1
36053.09,3,10002407,200,96300,-1
36053.12,1,10002408,3000,92300,1
36053.12,1,10002409,300,93000,1
36053.13,1,10002410,300,94600,1
36053.13,4,10002411,300,93500,1
36053.21,1,10002412,200,95500,-1
36053.22,1,10002413,5000,93200,1
36053.22,1,10002414,2500,92900,1
36053.29,1,10002415,1200,93200,-1
36053.29,4,10002416,1200,93300,-1
36053.3,3,10002417,300,93500,-1
36053.34,1,10002418,100,93300,1
36053.61,1,10002419,3000,93500,1
36053.61,4,10002420,3000,93500,1
36053.61,1,10002421,300,93300,1
36053.63,1,10002422,2100,93500,-1
36053.65,1,10002423,600,93300,1
36053.75,1,10002424,800,93000,1
36053.8,1,10002425,400,93300,-1
36053.8,4,10002426,400,93300,-1
36053.81,1,10002427,300,93300,-1
36053.81,4,10002428,300,93300,-1
36053.82,1,10002429,1600,93600,-1
36053.89,3,10002430,200,97800,-1
36053.93,1,10002431,1300,93300,-1
36053.93,4,10002432,1300,93300,-1
36054.11,1,10002433,700,93500,-1
36054.15,1,10002434,5300,93300,1
36054.19,3,10002435,1300,93000,1
36054.28,1,10002436,1100,92900,1
36054.31,1,10002437,600,93600,-1
36054.42,1,10002438,3800,93600,-1
36054.5,3,10002439,1000,100800,-1
36054.53,3,10002440,600,93800,-1
36054.9,1,10002441,200,93300,1
36054.97,1,10002442,300,93600,-1
36055.37,1,10002443,12800,93300,1
36055.39,1,10002444,500,92500,1
36055.4,3,10002445,10000,93900,-1
36055.47,3,10002446,2500,93600,-1
36055.47,1,10002447,2000,93300,1
36055.48,1,10002448,100,93300,-1
36055.48,4,10002449,100,93300,-1
36055.49,1,10002450,4000,93300,-1
36055.49,4,10002451,4000,93300,-1
36055.5,1,10002452,700,93200,-1
36055.5,4,10002453,700,93300,-1
36055.66,1,10002454,2000,92200,1
36055.66,1,10002455,1000,93300,-1
36055.66,4,10002456,1000,93300,-1
36055.67,1,10002457,100,93500,1
36055.67,4,10002458,100,93500,1
36055.67,1,10002459,300,93500,1
36055.67,4,10002460,300,93500,1
36055.7,1,10002461,300,93300,1
36055.73,1,10002462,400,93300,1
36055.74,1,10002463,300,93200,1
36055.74,1,10002464,600,93300,1
36055.74,1,10002465,800,93300,1
36055.74,1,10002466,300,93300,1
36055.75,1,10002467,200,93300,1
36055.76,1,10002468,100,93500,1
36055.76,4,10002469,100,93500,1
36055.78,1,10002470,1000,93100,1
36055.78,1,10002471,24200,93200,-1
36055.78,4,10002472,24200,93300,-1
36055.78,1,10002473,6300,93300,-1
36055.78,4,10002474,300,93300,-1
36055.98,1,10002475,10600,93100,1
36056.0,1,10002476,1700,93100,1
36056.01,1,10002477,3500,93100,-1
36056.01,4,10002478,3500,93200,-1
36056.12,1,10002479,700,92700,1
36056.14,1,10002480,1500,93100,-1
36056.14,4,10002481,1500,93200,-1
36056.14,1,10002482,2100,92800,1
36056.15,1,10002483,700,93100,-1
36056.15,4,10002484,700,93200,-1
36056.17,1,10002485,15000,96200,-1
36056.2,1,10002486,2000,93000,1
36056.22,1,10002487,1000,100400,-1
36056.27,1,10002488,2700,93300,-1
36056.44,1,10002489,1700,93400,1
36056.44,4,10002490,1700,93300,1
36056.48,3,10002491,500,94200,-1
36056.77,1,10002492,2800,93300,1
36056.77,4,10002493,2800,93300,1
36056.77,1,10002494,1200,93100,1
36056.82,1,10002495,700,93800,-1
36057.02,1,10002496,700,93300,1
36057.02,4,10002497,700,93300,1
36057.02,1,10002498,2000,92300,1
36057.07,1,10002499,600,93000,1
36057.11,1,10002500,1400,93600,-1
36057.12,1,10002501,8000,93400,1
36057.12,4,10002502,3500,93300,1
36057.13,1,10002503,2000,94300,-1
36057.17,1,10002504,300,93500,1
36057.17,4,10002505,300,93500,1
36057.28,3,10002506,1000,91500,1
36057.33,3,10002507,400,93800,-1
36057.33,3,10002508,500,93100,1
36057.38,3,10002509,3000,93600,-1
36057.57,1,10002510,200,93800,-1
36057.57,1,10002511,500,93000,1
36057.61,1,10002512,20000,93200,1
36057.62,1,10002513,100,93500,-1
36057.63,1,10002514,500,96900,-1
36057.64,3,10002515,1900,92900,1
36057.66,1,10002516,1600,95400,-1
36057.7,3,10002517,3000,92400,1
36057.74,1,10002518,26100,93600,1
36057.74,4,10002519,26100,93500,1
36057.78,1,10002520,1000,93200,-1
36057.78,4,10002521,1000,93400,-1
36057.79,1,10002522,100,93200,-1
36057.79,4,10002523,100,93400,-1
36057.8,1,10002524,700,92600,1
36057.81,1,10002525,5400,93200,-1
36057.81,4,10002526,3400,93400,-1
36057.81,4,10002527,2000,93200,-1
36057.81,1,10002528,2100,93400,1
36057.82,3,10002529,9900,93200,1
36057.84,1,10002530,100,92100,-1
36057.84,4,10002531,100,93400,-1
36057.85,1,10002532,200,92300,1
36057.85,1,10002533,100,92800,1
36057.85,1,10002534,2900,93900,1
36057.85,4,10002535,2900,93500,1
36057.86,1,10002536,2000,93100,1
36057.86,1,10002537,200,93900,1
36057.86,4,10002538,200,93500,1
36057.87,3,10002539,1100,92600,1
36057.98,1,10002540,3900,94400,-1
36058.04,3,10002541,200,93100,1
36058.04,1,10002542,900,93200,-1
36058.04,4,10002543,900,93400,-1
36058.04,1,10002544,200,95100,1
36058.04,4,10002545,200,93500,1
36058.1,1,10002546,3000,93000,-1
36058.1,4,10002547,1100,93400,-1
36058.1,4,10002548,1900,93200,-1
36058.29,1,10002549,3000,93600,1
36058.29,4,10002550,3000,93500,1
36058.31,1,10002551,100,92600,1
36058.32,1,10002552,100,93100,-1
36058.32,4,10002553,100,93200,-1
36058.32,1,10002554,200,93100,1
36058.32,1,10002555,5100,93000,-1
36058.32,4,10002556,5100,93200,-1
36058.33,3,10002557,500,93100,1
36058.44,3,10002558,5000,94200,-1
36058.44,1,10002559,400,93800,1
36058.44,4,10002560,400,93500,1
36058.44,1,10002561,200,93200,1
36058.46,1,10002562,100,94900,1
36058.46,4,10002563,100,93500,1
36058.49,1,10002564,1500,93400,-1
36058.49,1,10002565,1100,93100,1
36058.49,3,10002566,500,93000,1
36058.49,1,10002567,12000,100200,-1
36058.5,3,10002568,900,93200,1
36058.51,1,10002569,1000,92800,1
36058.52,1,10002570,700,92800,-1
36058.52,4,10002571,700,93200,-1
36058.55,1,10002572,500,93400,1
36058.55,4,10002573,500,93400,1
36058.56,1,10002574,200,93800,1
36058.56,4,10002575,200,93400,1
36058.6,1,10002576,200,92900,1
36058.6,1,10002577,60100,95500,-1
36058.61,3,10002578,1400,93000,1
36058.61,1,10002579,1000,92400,1
36058.62,1,10002580,7300,93000,1
36058.62,1,10002581,600,92700,-1
36058.62,4,10002582,600,93200,-1
36058.62,1,10002583,3000,92500,1
36058.76,1,10002584,17100,93400,1
36058.76,4,10002585,800,93400,1
36058.76,1,10002586,1500,93500,1
36058.76,4,10002587,1500,93500,1
36058.78,3,10002588,3100,93200,1
36059.36,1,10002589,600,93600,-1
36059.4,1,10002590,400,93800,1
36059.4,4,10002591,400,93500,1
36059.4,1,10002592,5000,93500,1
36059.4,4,10002593,5000,93500,1
36059.4,1,10002594,11400,94200,-1
36059.75,1,10002595,100,92600,1
36059.76,3,10002596,1300,93200,1
36059.76,1,10002597,4300,93100,1
36059.79,3,10002598,800,94000,-1
36059.79,3,10002599,400,93200,1
36059.79,3,10002600,100000,93600,-1
36059.8,3,10002601,9000,92000,1
36059.84,1,10002602,900,94000,-1
36060.0,3,10002603,17600,93100,1
36060.01,1,10002604,2100,94000,1
36060.01,4,10002605,2100,93500,1
36060.02,3,10002606,800,94300,-1
36060.03,3,10002607,1500,93800,-1
36060.06,1,10002608,1000,92600,1
36060.06,1,10002609,1500,93500,-1
36060.07,1,10002610,3100,93700,1
36060.07,4,10002611,3100,93500,1
36060.07,1,10002612,100,93900,1
36060.07,4,10002613,100,93500,1
36060.1,3,10002614,400,92600,1
36060.1,1,10002615,800,93700,1
36060.1,4,10002616,800,93500,1
36060.11,1,10002617,290000,93800,1
36060.11,4,10002618,180300,93500,1
36060.11,4,10002619,8700,93600,1
36060.11,4,10002620,7800,93700,1
36060.11,4,10002621,93200,93700,1
36060.17,1,10002622,100,93400,1
36060.17,3,10002623,600,93800,-1
36060.17,3,10002624,6000,93400,1
36060.17,3,10002625,1000,93400,1
36060.24,1,10002626,500,93300,1
36060.24,1,10002627,2100,93600,1
36060.27,1,10002628,1500,96800,-1
36060.27,1,10002629,3400,94000,-1
36060.28,1,10002630,6000,93800,1
36060.28,4,10002631,6000,93700,1
36060.28,1,10002632,200,94200,1
36060.28,4,10002633,200,93700,1
36060.48,1,10002634,200,94400,1
36060.48,4,10002635,200,93700,1
36060.52,1,10002636,12100,91000,1
36060.53,1,10002637,1500,93300,1
36061.22,1,10002638,400,93800,1
36061.22,4,10002639,400,93700,1
36061.44,1,10002640,200,94200,-1
36061.53,1,10002641,2900,93800,1
36061.53,4,10002642,2900,93700,1
36061.54,3,10002643,1000,93300,1
36061.61,1,10002644,2300,93800,-1
36061.62,3,10002645,300,98600,-1
36062.2,1,10002646,100,93600,-1
36062.2,4,10002647,100,93600,-1
36062.2,1,10002648,1800,95600,-1
36062.21,1,10002649,500,92800,-1
36062.21,4,10002650,500,93600,-1
36062.23,3,10002651,2400,96800,-1
36062.24,1,10002652,1000,93400,1
36062.39,1,10002653,10000,93100,1
36062.41,2,10002654,1500,93600,1
36062.41,1,10002655,19500,93000,1
36062.56,1,10002656,300,93400,1
36062.71,3,10002657,5800,94200,-1
36062.76,1,10002658,46700,93800,-1
36062.82,1,10002659,300,93400,-1
36062.82,4,10002660,300,93400,-1
36063.09,3,10002661,100,96800,-1
36063.09,1,10002662,1700,93400,1
36063.1,3,10002663,5300,93400,1
36063.1,2,10002664,6800,93400,1
36063.1,1,10002665,20100,91900,1
36063.11,1,10002666,2000,93700,1
36063.11,4,10002667,2000,93700,1
36063.26,1,10002668,2500,93600,-1
36063.34,2,10002669,1000,93300,1
36063.37,1,10002670,31900,94200,1
36063.37,4,10002671,2500,93600,1
36063.37,4,10002672,14200,93700,1
36063.37,4,10002673,15200,93800,1
36063.5,1,10002674,5000,93900,-1
36063.5,1,10002675,300,93800,1
36063.5,4,10002676,300,93800,1
36063.56,1,10002677,1400,91300,1
36063.72,1,10002678,2000,98000,-1
36063.72,1,10002679,600,93600,1
36063.72,1,10002680,52800,90700,-1
36063.72,4,10002681,600,93600,-1
36063.72,4,10002682,15700,93200,-1
36063.72,4,10002683,13300,93100,-1
36063.72,4,10002684,23200,93000,-1
36063.73,1,10002685,56500,97900,-1
36063.74,1,10002686,700,92900,1
36063.74,1,10002687,6200,93000,1
36063.75,3,10002688,2800,92900,1
36063.78,1,10002689,600,92300,1
36063.8,1,10002690,1200,93500,1
36063.82,3,10002691,500,94400,-1
36063.83,1,10002692,2200,93400,1
36064.04,1,10002693,1000,92800,1
36064.06,2,10002694,2200,93400,1
36064.1,3,10002695,700,92300,1
36064.56,3,10002696,1500,94000,-1
36064.63,1,10002697,2000,92800,1
36064.65,1,10002698,600,93800,1
36064.65,4,10002699,600,93800,1
36064.67,1,10002700,4500,94200,-1
36064.67,1,10002701,1000,93800,1
36064.67,4,10002702,1000,93800,1
36064.68,1,10002703,900,93800,1
36064.68,4,10002704,900,93800,1
36064.75,3,10002705,400,93000,1
36064.79,1,10002706,1200,93800,1
36064.79,4,10002707,1200,93800,1
36064.82,1,10002708,3800,93800,-1
36064.92,1,10002709,500,94200,-1
36065.0,3,10002710,1000,93000,1
36065.01,1,10002711,600,97300,-1
36065.01,3,10002712,200,93800,-1
36065.06,1,10002713,500,94600,-1
36065.14,1,10002714,10000,93800,1
36065.14,4,10002715,10000,93800,1
36065.15,3,10002716,600,94200,-1
36065.19,3,10002717,700,92800,1
36065.21,3,10002718,400,95600,-1
36065.28,1,10002719,3500,95000,-1
36065.37,1,10002720,1200,93600,1
36065.48,1,10002721,800,94000,-1
36065.48,1,10002722,200,93800,1
36065.48,4,10002723,200,93800,1
36065.51,1,10002724,200,93600,1
36065.56,1,10002725,700,93800,-1
36065.57,2,10002726,200,97700,-1
36066.09,2,10002727,300,94500,-1
36066.09,1,10002728,300,92600,-1
36066.09,4,10002729,300,93600,-1
36066.25,1,10002730,100,94000,-1
36066.4,1,10002731,118200,93800,-1
36066.43,1,10002732,10000,93900,-1
36066.51,1,10002733,7300,93600,1
36066.55,1,10002734,200,93900,-1
36066.95,1,10002735,1500,93900,-1
36066.95,1,10002736,1000,94300,-1
36067.07,3,10002737,7300,95200,-1
36067.07,3,10002738,46100,94100,-1
36067.12,1,10002739,77500,93900,1
36067.12,4,10002740,77500,93800,1
36067.14,1,10002741,800,93600,-1
36067.14,4,10002742,800,93600,-1
36067.22,1,10002743,7300,93600,-1
36067.22,4,10002744,7300,93600,-1
36067.27,1,10002745,4200,93500,1
36067.32,1,10002746,1300,93800,-1
36067.36,2,10002747,300,93600,1
36067.36,1,10002748,800,93400,1
36067.36,1,10002749,3200,94600,-1
36067.37,1,10002750,2800,93400,1
36067.37,3,10002751,8300,93800,-1
36067.71,3,10002752,100,94000,-1
36067.73,1,10002753,4000,94200,-1
36067.78,1,10002754,100,93300,1
36067.81,1,10002755,1000,93000,1
36067.99,3,10002756,1400,93800,-1
36068.05,1,10002757,300,93800,-1
36068.06,3,10002758,600,91000,1
36068.06,1,10002759,400,93600,1
36068.06,3,10002760,6000,93900,-1
36068.06,1,10002761,100,93800,1
36068.06,4,10002762,100,93800,1
36068.06,1,10002763,1400,94600,-1
36068.24,3,10002764,1000,93400,1
36068.35,1,10002765,2200,93800,-1
36068.42,1,10002766,400,93600,1
36068.47,3,10002767,500,94000,-1
36068.58,3,10002768,700,94400,-1
36068.58,1,10002769,17700,93600,-1
36068.58,4,10002770,800,93600,-1
36068.73,2,10002771,2600,93400,1
36068.74,1,10002772,500,93400,1
36068.74,1,10002773,1700,94200,-1
36068.81,1,10002774,3000,93800,1
36068.81,4,10002775,3000,93600,1
36068.91,1,10002776,900,93400,1
36068.92,1,10002777,1300,93600,1
36068.92,4,10002778,1300,93600,1
36068.94,1,10002779,5900,93400,-1
36068.94,4,10002780,5400,93500,-1
36068.94,4,10002781,500,93400,-1
36068.95,3,10002782,1200,99800,-1
36068.97,1,10002783,3400,93300,1
36068.98,1,10002784,3200,93000,1
36069.02,3,10002785,500,93900,-1
36069.02,1,10002786,1700,92200,-1
36069.02,4,10002787,900,93400,-1
36069.02,4,10002788,800,93300,-1
36069.02,1,10002789,300,93500,-1
36069.37,1,10002790,1000,93900,-1
36069.37,1,10002791,500,93300,1
36069.38,1,10002792,2100,93600,-1
36069.4,1,10002793,2000,93300,-1
36069.4,4,10002794,2000,93300,-1
36069.44,1,10002795,3200,93500,1
36069.44,4,10002796,300,93500,1
36069.44,1,10002797,300,93000,1
36069.5,1,10002798,300,93800,-1
36069.51,1,10002799,100,93400,1
36069.51,1,10002800,1100,96800,-1
36069.53,1,10002801,500,95200,-1
36069.59,1,10002802,900,93600,-1
36069.61,1,10002803,14400,93400,-1
36069.61,4,10002804,2900,93500,-1
36069.61,4,10002805,100,93400,-1
36069.62,1,10002806,400,93900,-1
36069.62,1,10002807,20000,93400,-1
36069.64,1,10002808,1300,93100,1
36069.68,1,10002809,700,93400,1
36069.68,4,10002810,700,93400,1
36069.69,1,10002811,1800,93600,1
36069.69,4,10002812,1800,93400,1
36069.7,3,10002813,2500,92800,1
36069.72,1,10002814,1100,93600,-1
36069.75,1,10002815,300,92800,1
36069.76,1,10002816,100,93200,-1
36069.76,4,10002817,100,93300,-1
36069.78,1,10002818,900,93600,1
36069.78,4,10002819,900,93400,1
36069.8,1,10002820,3000,93100,-1
36069.8,4,10002821,1100,93300,-1
36069.8,4,10002822,1300,93100,-1
36069.8,1,10002823,200,93000,-1
36069.8,4,10002824,200,93000,-1
36069.81,1,10002825,300,93200,-1
36069.84,1,10002826,400,91500,1
36069.9,1,10002827,2900,93100,1
36069.9,4,10002828,600,93100,1
36069.92,3,10002829,1200,93000,1
36069.96,1,10002830,500,93400,-1
36070.09,3,10002831,600,93100,1
36070.1,1,10002832,1500,94000,-1
36070.12,1,10002833,6000,93300,1
36070.12,4,10002834,300,93200,1
36070.12,1,10002835,2800,93300,-1
36070.12,4,10002836,2800,93300,-1
36070.19,3,10002837,500,93600,-1
36070.23,1,10002838,700,92800,1
36070.26,1,10002839,36700,93200,-1
36070.26,4,10002840,2900,93300,-1
36070.29,1,10002841,50000,93000,-1
36070.29,4,10002842,1700,93100,-1
36070.29,4,10002843,30800,93000,-1
36070.29,1,10002844,1000,93100,-1
36070.29,2,10002845,4600,92800,1
36070.29,1,10002846,300,93100,1
36070.29,4,10002847,300,93000,1
36070.29,1,10002848,500,93100,1
36070.29,4,10002849,500,93000,1
36070.29,1,10002850,1100,92900,-1
36070.29,4,10002851,1100,92900,-1
36070.3,3,10002852,1400,93200,-1
36070.3,1,10002853,2900,92800,-1
36070.3,4,10002854,2900,92900,-1
36070.3,1,10002855,1100,92800,-1
36070.3,4,10002856,1100,92900,-1
36070.33,1,10002857,3100,98000,-1
36070.35,3,10002858,500,93100,-1
36070.36,1,10002859,3400,93100,1
36070.36,4,10002860,3400,93000,1
36070.36,1,10002861,1100,93400,1
36070.36,4,10002862,1100,93000,1
36070.37,1,10002863,300,92900,1
36070.38,1,10002864,1400,93200,-1
36070.38,1,10002865,600,92700,1
36070.38,1,10002866,5100,95700,-1
36070.4,1,10002867,300,93100,1
36070.4,4,10002868,300,93000,1
36070.41,3,10002869,3000,92600,1
36070.41,1,10002870,1000,93100,-1
36070.45,1,10002871,1500,93100,1
36070.45,4,10002872,1500,93000,1
36070.45,1,10002873,100,92100,-1
36070.45,4,10002874,100,92900,-1
36070.46,1,10002875,15300,92700,-1
36070.46,4,10002876,6500,92900,-1
36070.46,4,10002877,1300,92700,-1
36070.46,1,10002878,300,92800,-1
36070.46,1,10002879,1200,92000,-1
36070.46,4,10002880,1200,92600,-1
36070.5,2,10002881,300,92800,-1
36070.51,1,10002882,200,92500,1
36070.59,1,10002883,300,94100,-1
36070.61,1,10002884,5000,92400,-1
36070.61,4,10002885,5000,92600,-1
36070.65,1,10002886,500,93000,1
36070.65,4,10002887,500,92700,1
36070.65,1,10002888,5000,83600,1
36070.66,1,10002889,3400,92500,1
36070.66,1,10002890,300,92500,1
36070.67,1,10002891,3900,92500,-1
36070.67,4,10002892,3900,92600,-1
36070.73,1,10002893,10000,92600,1
36070.73,1,10002894,1200,92800,1
36070.73,4,10002895,1200,92700,1
36070.73,3,10002896,100,93000,-1
36070.75,1,10002897,1000,92500,-1
36070.75,4,10002898,1000,92600,-1
36070.77,3,10002899,300,95400,-1
36070.79,1,10002900,300,92000,-1
36070.79,4,10002901,300,92600,-1
36070.79,1,10002902,500,92500,1
36070.82,3,10002903,600,92000,1
36070.85,1,10002904,100,92400,1
36070.86,1,10002905,1200,92500,1
36070.94,1,10002906,35000,92600,-1
36070.94,4,10002907,35000,92600,-1
36070.94,1,10002908,400,92500,1
36070.95,1,10002909,11600,92800,1
36070.95,4,10002910,5800,92700,1
36070.96,1,10002911,200,92700,1
36070.97,1,10002912,11000,93000,1
36070.97,4,10002913,10300,93000,1
36070.98,1,10002914,500,92800,1
36070.98,1,10002915,300,91800,1
36071.0,1,10002916,100,94900,1
36071.0,4,10002917,100,93100,1
36071.02,1,10002918,1300,93800,-1
36071.06,1,10002919,1100,92800,-1
36071.06,4,10002920,700,93000,-1
36071.06,4,10002921,400,92800,-1
36071.08,3,10002922,1400,92800,1
36071.08,1,10002923,6100,92800,1
36071.09,1,10002924,2000,93100,-1
36071.11,1,10002925,1700,91200,1
36071.11,1,10002926,500,92800,1
36071.11,1,10002927,5400,92600,1
36071.11,1,10002928,2200,92800,-1
36071.11,4,10002929,2200,92800,-1
36071.18,1,10002930,500,92000,-1
36071.18,4,10002931,500,92800,-1
36071.18,1,10002932,1000,96000,-1
36071.21,1,10002933,5000,92600,-1
36071.21,4,10002934,5000,92800,-1
36071.21,1,10002935,300,92400,1
36071.21,1,10002936,1100,92800,-1
36071.21,4,10002937,1100,92800,-1
36071.23,1,10002938,300,92300,1
36071.27,1,10002939,10000,92300,1
36071.28,1,10002940,1000,93600,-1
36071.29,1,10002941,300,95400,-1
36071.32,1,10002942,5000,95600,-1
